 {"id": 3374, "code": "TD", "exchange": "US", "fundamentals": {"financials": {"income_statement": {"data": [{"date": "1995-10-31", "symbol": "TD", "reportedCurrency": "USD", "cik": "0000947263", "fillingDate": "1995-10-31", "acceptedDate": "1995-10-31 00:00:00", "calendarYear": "1995", "period": "FY", "revenue": None, "costOfRevenue": None, "grossProfit": None, "grossProfitRatio": 0.419273519, "researchAndDevelopmentExpenses": None, "generalAndAdministrativeExpenses": None, "sellingAndMarketingExpenses": None, "sellingGeneralAndAdministrativeExpenses": None, "otherExpenses": None, "operatingExpenses": None, "costAndExpenses": None, "interestIncome": None, "interestExpense": None, "depreciationAndAmortization": None, "ebitda": None, "ebitdaratio": 0.1579007677, "operatingIncome": None, "operatingIncomeRatio": 0.1427752951, "totalOtherIncomeExpensesNet": None, "incomeBeforeTax": None, "incomeBeforeTaxRatio": 0.1427752951, "incomeTaxExpense": None, "netIncome": None, "netIncomeRatio": 0.0909820099, "eps": None, "epsdiluted": None, "weightedAverageShsOut": None, "weightedAverageShsOutDil": None, "link": None, "finalLink": None, "timescheme": "Y-30"}, {"date": "1996-10-31", "symbol": "TD", "reportedCurrency": "USD", "cik": "0000947263", "fillingDate": "1996-10-31", "acceptedDate": "1996-10-31 00:00:00", "calendarYear": "1996", "period": "FY", "revenue": None, "costOfRevenue": None, "grossProfit": None, "grossProfitRatio": 0.4480281582, "researchAndDevelopmentExpenses": None, "generalAndAdministrativeExpenses": None, "sellingAndMarketingExpenses": None, "sellingGeneralAndAdministrativeExpenses": None, "otherExpenses": None, "operatingExpenses": None, "costAndExpenses": None, "interestIncome": None, "interestExpense": None, "depreciationAndAmortization": None, "ebitda": None, "ebitdaratio": 0.1703241867, "operatingIncome": None, "operatingIncomeRatio": 0.1554434184, "totalOtherIncomeExpensesNet": None, "incomeBeforeTax": None, "incomeBeforeTaxRatio": 0.1554434184, "incomeTaxExpense": None, "netIncome": None, "netIncomeRatio": 0.10075805, "eps": None, "epsdiluted": None, "weightedAverageShsOut": None, "weightedAverageShsOutDil": None, "link": None, "finalLink": None, "timescheme": "Y-29"}, {"date": "1997-10-31", "symbol": "TD", "reportedCurrency": "USD", "cik": "0000947263", "fillingDate": "1997-10-31", "acceptedDate": "1997-10-31 00:00:00", "calendarYear": "1997", "period": "FY", "revenue": None, "costOfRevenue": None, "grossProfit": None, "grossProfitRatio": 0.4879822802, "researchAndDevelopmentExpenses": None, "generalAndAdministrativeExpenses": None, "sellingAndMarketingExpenses": None, "sellingGeneralAndAdministrativeExpenses": None, "otherExpenses": None, "operatingExpenses": None, "costAndExpenses": None, "interestIncome": None, "interestExpense": None, "depreciationAndAmortization": None, "ebitda": None, "ebitdaratio": 0.1801317279, "operatingIncome": None, "operatingIncomeRatio": 0.1650490469, "totalOtherIncomeExpensesNet": None, "incomeBeforeTax": None, "incomeBeforeTaxRatio": 0.1650490469, "incomeTaxExpense": None, "netIncome": None, "netIncomeRatio": 0.1038580701, "eps": None, "epsdiluted": None, "weightedAverageShsOut": None, "weightedAverageShsOutDil": None, "link": None, "finalLink": None, "timescheme": "Y-28"}, {"date": "1998-10-31", "symbol": "TD", "reportedCurrency": "USD", "cik": "0000947263", "fillingDate": "1998-10-31", "acceptedDate": "1998-10-31 00:00:00", "calendarYear": "1998", "period": "FY", "revenue": None, "costOfRevenue": None, "grossProfit": None, "grossProfitRatio": 0.431098246, "researchAndDevelopmentExpenses": None, "generalAndAdministrativeExpenses": None, "sellingAndMarketingExpenses": None, "sellingGeneralAndAdministrativeExpenses": None, "otherExpenses": None, "operatingExpenses": None, "costAndExpenses": None, "interestIncome": None, "interestExpense": None, "depreciationAndAmortization": None, "ebitda": None, "ebitdaratio": 0.1482499901, "operatingIncome": None, "operatingIncomeRatio": 0.1312760009, "totalOtherIncomeExpensesNet": None, "incomeBeforeTax": None, "incomeBeforeTaxRatio": 0.1312760009, "incomeTaxExpense": None, "netIncome": None, "netIncomeRatio": 0.0849632458, "eps": None, "epsdiluted": None, "weightedAverageShsOut": None, "weightedAverageShsOutDil": None, "link": None, "finalLink": None, "timescheme": "Y-27"}, {"date": "1999-10-31", "symbol": "TD", "reportedCurrency": "USD", "cik": "0000947263", "fillingDate": "1999-10-31", "acceptedDate": "1999-10-31 00:00:00", "calendarYear": "1999", "period": "FY", "revenue": None, "costOfRevenue": None, "grossProfit": None, "grossProfitRatio": 0.4791256401, "researchAndDevelopmentExpenses": None, "generalAndAdministrativeExpenses": None, "sellingAndMarketingExpenses": None, "sellingGeneralAndAdministrativeExpenses": None, "otherExpenses": None, "operatingExpenses": None, "costAndExpenses": None, "interestIncome": None, "interestExpense": None, "depreciationAndAmortization": None, "ebitda": None, "ebitdaratio": 0.2763861538, "operatingIncome": None, "operatingIncomeRatio": 0.2601557412, "totalOtherIncomeExpensesNet": None, "incomeBeforeTax": None, "incomeBeforeTaxRatio": 0.2601557412, "incomeTaxExpense": None, "netIncome": None, "netIncomeRatio": 0.1900741351, "eps": None, "epsdiluted": None, "weightedAverageShsOut": None, "weightedAverageShsOutDil": None, "link": None, "finalLink": None, "timescheme": "Y-26"}, {"date": "2000-10-31", "symbol": "TD", "reportedCurrency": "USD", "cik": "0000947263", "fillingDate": "2000-10-31", "acceptedDate": "2000-10-31 00:00:00", "calendarYear": "2000", "period": "FY", "revenue": None, "costOfRevenue": None, "grossProfit": None, "grossProfitRatio": 0.4744708333, "researchAndDevelopmentExpenses": None, "generalAndAdministrativeExpenses": None, "sellingAndMarketingExpenses": None, "sellingGeneralAndAdministrativeExpenses": None, "otherExpenses": None, "operatingExpenses": None, "costAndExpenses": None, "interestIncome": None, "interestExpense": None, "depreciationAndAmortization": None, "ebitda": None, "ebitdaratio": 0.1461952942, "operatingIncome": None, "operatingIncomeRatio": 0.0662317163, "totalOtherIncomeExpensesNet": None, "incomeBeforeTax": None, "incomeBeforeTaxRatio": 0.0662317163, "incomeTaxExpense": None, "netIncome": None, "netIncomeRatio": 0.0510583335, "eps": None, "epsdiluted": None, "weightedAverageShsOut": None, "weightedAverageShsOutDil": None, "link": None, "finalLink": None, "timescheme": "Y-25"}, {"date": "2001-10-31", "symbol": "TD", "reportedCurrency": "USD", "cik": "0000947263", "fillingDate": "2001-10-31", "acceptedDate": "2001-10-31 00:00:00", "calendarYear": "2001", "period": "FY", "revenue": None, "costOfRevenue": None, "grossProfit": None, "grossProfitRatio": 0.4741274394, "researchAndDevelopmentExpenses": None, "generalAndAdministrativeExpenses": None, "sellingAndMarketingExpenses": None, "sellingGeneralAndAdministrativeExpenses": None, "otherExpenses": None, "operatingExpenses": None, "costAndExpenses": None, "interestIncome": None, "interestExpense": None, "depreciationAndAmortization": None, "ebitda": None, "ebitdaratio": 0.1450682843, "operatingIncome": None, "operatingIncomeRatio": 0.058649449, "totalOtherIncomeExpensesNet": None, "incomeBeforeTax": None, "incomeBeforeTaxRatio": 0.058649449, "incomeTaxExpense": None, "netIncome": None, "netIncomeRatio": 0.0660849636, "eps": None, "epsdiluted": None, "weightedAverageShsOut": None, "weightedAverageShsOutDil": None, "link": None, "finalLink": None, "timescheme": "Y-24"}, {"date": "2002-10-31", "symbol": "TD", "reportedCurrency": "USD", "cik": "0000947263", "fillingDate": "2002-10-31", "acceptedDate": "2002-10-31 00:00:00", "calendarYear": "2002", "period": "FY", "revenue": None, "costOfRevenue": None, "grossProfit": None, "grossProfitRatio": 0.4417333746, "researchAndDevelopmentExpenses": None, "generalAndAdministrativeExpenses": None, "sellingAndMarketingExpenses": None, "sellingGeneralAndAdministrativeExpenses": None, "otherExpenses": None, "operatingExpenses": None, "costAndExpenses": None, "interestIncome": None, "interestExpense": None, "depreciationAndAmortization": None, "ebitda": None, "ebitdaratio": 0.0482336442, "operatingIncome": None, "operatingIncomeRatio": -0.0309938728, "totalOtherIncomeExpensesNet": None, "incomeBeforeTax": None, "incomeBeforeTaxRatio": -0.0309938728, "incomeTaxExpense": None, "netIncome": None, "netIncomeRatio": -0.0040508597, "eps": None, "epsdiluted": None, "weightedAverageShsOut": None, "weightedAverageShsOutDil": None, "link": None, "finalLink": None, "timescheme": "Y-23"}, {"date": "2003-10-31", "symbol": "TD", "reportedCurrency": "USD", "cik": "0000947263", "fillingDate": "2003-12-15", "acceptedDate": "2003-12-15 17:04:20", "calendarYear": "2003", "period": "FY", "revenue": None, "costOfRevenue": None, "grossProfit": None, "grossProfitRatio": 0.630632913, "researchAndDevelopmentExpenses": None, "generalAndAdministrativeExpenses": None, "sellingAndMarketingExpenses": None, "sellingGeneralAndAdministrativeExpenses": None, "otherExpenses": None, "operatingExpenses": None, "costAndExpenses": None, "interestIncome": None, "interestExpense": None, "depreciationAndAmortization": None, "ebitda": None, "ebitdaratio": 0.1592404995, "operatingIncome": None, "operatingIncomeRatio": 0.089451497, "totalOtherIncomeExpensesNet": None, "incomeBeforeTax": None, "incomeBeforeTaxRatio": 0.089451497, "incomeTaxExpense": None, "netIncome": None, "netIncomeRatio": 0.068860741, "eps": None, "epsdiluted": None, "weightedAverageShsOut": None, "weightedAverageShsOutDil": None, "link": "https://www.sec.gov/Archives/edgar/data/947263/000104746903041021/0001047469-03-041021-index.htm", "finalLink": "https://www.sec.gov/Archives/edgar/data/947263/000104746903041021/a2124214z40-f.htm", "timescheme": "Y-22"}, {"date": "2004-10-31", "symbol": "TD", "reportedCurrency": "USD", "cik": "0000947263", "fillingDate": "2004-12-13", "acceptedDate": "2004-12-13 16:21:09", "calendarYear": "2004", "period": "FY", "revenue": None, "costOfRevenue": None, "grossProfit": None, "grossProfitRatio": 0.6849939824, "researchAndDevelopmentExpenses": None, "generalAndAdministrativeExpenses": None, "sellingAndMarketingExpenses": None, "sellingGeneralAndAdministrativeExpenses": None, "otherExpenses": None, "operatingExpenses": None, "costAndExpenses": None, "interestIncome": None, "interestExpense": None, "depreciationAndAmortization": None, "ebitda": None, "ebitdaratio": 0.2505225819, "operatingIncome": None, "operatingIncomeRatio": 0.1922467853, "totalOtherIncomeExpensesNet": None, "incomeBeforeTax": None, "incomeBeforeTaxRatio": 0.1922467853, "incomeTaxExpense": None, "netIncome": None, "netIncomeRatio": 0.1413821499, "eps": None, "epsdiluted": None, "weightedAverageShsOut": None, "weightedAverageShsOutDil": None, "link": "https://www.sec.gov/Archives/edgar/data/947263/000104746904036928/0001047469-04-036928-index.htm", "finalLink": "https://www.sec.gov/Archives/edgar/data/947263/000104746904036928/a2147360z40-f.htm", "timescheme": "Y-21"}, {"date": "2005-10-31", "symbol": "TD", "reportedCurrency": "USD", "cik": "0000947263", "fillingDate": "2005-12-12", "acceptedDate": "2005-12-12 14:33:54", "calendarYear": "2005", "period": "FY", "revenue": None, "costOfRevenue": None, "grossProfit": None, "grossProfitRatio": 0.630470104, "researchAndDevelopmentExpenses": None, "generalAndAdministrativeExpenses": None, "sellingAndMarketingExpenses": None, "sellingGeneralAndAdministrativeExpenses": None, "otherExpenses": None, "operatingExpenses": None, "costAndExpenses": None, "interestIncome": None, "interestExpense": None, "depreciationAndAmortization": None, "ebitda": None, "ebitdaratio": 0.2127383016, "operatingIncome": None, "operatingIncomeRatio": 0.1657279029, "totalOtherIncomeExpensesNet": None, "incomeBeforeTax": None, "incomeBeforeTaxRatio": 0.1657279029, "incomeTaxExpense": None, "netIncome": None, "netIncomeRatio": 0.1207214038, "eps": None, "epsdiluted": None, "weightedAverageShsOut": None, "weightedAverageShsOutDil": None, "link": "https://www.sec.gov/Archives/edgar/data/947263/000127956905001112/0001279569-05-001112-index.htm", "finalLink": "https://www.sec.gov/Archives/edgar/data/947263/000127956905001112/tdbank40f.htm", "timescheme": "Y-20"}, {"date": "2006-10-31", "symbol": "TD", "reportedCurrency": "USD", "cik": "0000947263", "fillingDate": "2006-12-11", "acceptedDate": "2006-12-11 17:25:28", "calendarYear": "2006", "period": "FY", "revenue": None, "costOfRevenue": None, "grossProfit": None, "grossProfitRatio": 0.5676417642, "researchAndDevelopmentExpenses": None, "generalAndAdministrativeExpenses": None, "sellingAndMarketingExpenses": None, "sellingGeneralAndAdministrativeExpenses": None, "otherExpenses": None, "operatingExpenses": None, "costAndExpenses": None, "interestIncome": None, "interestExpense": None, "depreciationAndAmortization": None, "ebitda": None, "ebitdaratio": 0.2869036904, "operatingIncome": None, "operatingIncomeRatio": 0.248739874, "totalOtherIncomeExpensesNet": None, "incomeBeforeTax": None, "incomeBeforeTaxRatio": 0.248739874, "incomeTaxExpense": None, "netIncome": None, "netIncomeRatio": 0.2071557156, "eps": None, "epsdiluted": None, "weightedAverageShsOut": None, "weightedAverageShsOutDil": None, "link": "https://www.sec.gov/Archives/edgar/data/947263/000127956906001361/0001279569-06-001361-index.htm", "finalLink": "https://www.sec.gov/Archives/edgar/data/947263/000127956906001361/td40f.htm", "timescheme": "Y-19"}, {"date": "2007-10-31", "symbol": "TD", "reportedCurrency": "USD", "cik": "0000947263", "fillingDate": "2007-11-29", "acceptedDate": "2007-11-29 17:13:33", "calendarYear": "2007", "period": "FY", "revenue": None, "costOfRevenue": None, "grossProfit": None, "grossProfitRatio": 0.5335912626, "researchAndDevelopmentExpenses": None, "generalAndAdministrativeExpenses": None, "sellingAndMarketingExpenses": None, "sellingGeneralAndAdministrativeExpenses": None, "otherExpenses": None, "operatingExpenses": None, "costAndExpenses": None, "interestIncome": None, "interestExpense": None, "depreciationAndAmortization": None, "ebitda": None, "ebitdaratio": 0.2225446339, "operatingIncome": None, "operatingIncomeRatio": 0.1878450812, "totalOtherIncomeExpensesNet": None, "incomeBeforeTax": None, "incomeBeforeTaxRatio": 0.1878450812, "incomeTaxExpense": None, "netIncome": None, "netIncomeRatio": 0.1610849152, "eps": None, "epsdiluted": None, "weightedAverageShsOut": None, "weightedAverageShsOutDil": None, "link": "https://www.sec.gov/Archives/edgar/data/947263/000127956907001725/0001279569-07-001725-index.htm", "finalLink": "https://www.sec.gov/Archives/edgar/data/947263/000127956907001725/td40f18617.htm", "timescheme": "Y-18"}, {"date": "2008-10-31", "symbol": "TD", "reportedCurrency": "USD", "cik": "0000947263", "fillingDate": "2008-12-04", "acceptedDate": "2008-12-04 16:57:46", "calendarYear": "2008", "period": "FY", "revenue": None, "costOfRevenue": None, "grossProfit": None, "grossProfitRatio": 0.5243236876, "researchAndDevelopmentExpenses": None, "generalAndAdministrativeExpenses": None, "sellingAndMarketingExpenses": None, "sellingGeneralAndAdministrativeExpenses": None, "otherExpenses": None, "operatingExpenses": None, "costAndExpenses": None, "interestIncome": None, "interestExpense": None, "depreciationAndAmortization": None, "ebitda": None, "ebitdaratio": 0.2009894381, "operatingIncome": None, "operatingIncomeRatio": 0.1611370686, "totalOtherIncomeExpensesNet": None, "incomeBeforeTax": None, "incomeBeforeTaxRatio": 0.1611370686, "incomeTaxExpense": None, "netIncome": None, "netIncomeRatio": 0.1504966822, "eps": None, "epsdiluted": None, "weightedAverageShsOut": None, "weightedAverageShsOutDil": None, "link": "https://www.sec.gov/Archives/edgar/data/947263/000127956908001376/0001279569-08-001376-index.htm", "finalLink": "https://www.sec.gov/Archives/edgar/data/947263/000127956908001376/tdbank40f23209.htm", "timescheme": "Y-17"}, {"date": "2009-10-31", "symbol": "TD", "reportedCurrency": "USD", "cik": "0000947263", "fillingDate": "2009-12-03", "acceptedDate": "2009-12-03 16:23:55", "calendarYear": "2009", "period": "FY", "revenue": None, "costOfRevenue": None, "grossProfit": None, "grossProfitRatio": 0.6055701772, "researchAndDevelopmentExpenses": None, "generalAndAdministrativeExpenses": None, "sellingAndMarketingExpenses": None, "sellingGeneralAndAdministrativeExpenses": None, "otherExpenses": None, "operatingExpenses": None, "costAndExpenses": None, "interestIncome": None, "interestExpense": None, "depreciationAndAmortization": None, "ebitda": None, "ebitdaratio": 0.1737046785, "operatingIncome": None, "operatingIncomeRatio": 0.1244844247, "totalOtherIncomeExpensesNet": None, "incomeBeforeTax": None, "incomeBeforeTaxRatio": 0.1244844247, "incomeTaxExpense": None, "netIncome": None, "netIncomeRatio": 0.1225596103, "eps": None, "epsdiluted": None, "weightedAverageShsOut": None, "weightedAverageShsOutDil": None, "link": "https://www.sec.gov/Archives/edgar/data/947263/000127956909001552/0001279569-09-001552-index.htm", "finalLink": "https://www.sec.gov/Archives/edgar/data/947263/000127956909001552/td40f.htm", "timescheme": "Y-16"}, {"date": "2010-10-31", "symbol": "TD", "reportedCurrency": "USD", "cik": "0000947263", "fillingDate": "2010-12-02", "acceptedDate": "2010-12-02 15:12:38", "calendarYear": "2010", "period": "FY", "revenue": 24617293600.0, "costOfRevenue": 7321860700.0, "grossProfit": 17295432900.0, "grossProfitRatio": 0.7025724753, "researchAndDevelopmentExpenses": 0.0, "generalAndAdministrativeExpenses": 5842588000.0, "sellingAndMarketingExpenses": 583278500.0, "sellingGeneralAndAdministrativeExpenses": 6425866500.0, "otherExpenses": 5206373300.0, "operatingExpenses": 11632239800.0, "costAndExpenses": 18954100500.0, "interestIncome": 17044476100.0, "interestExpense": 5728873200.0, "depreciationAndAmortization": 1169497900.0, "ebitda": 6832691000.0, "ebitdaratio": 0.2775565467, "operatingIncome": 5663193100.0, "operatingIncomeRatio": 0.2300493788, "totalOtherIncomeExpensesNet": 0.0, "incomeBeforeTax": 5663193100.0, "incomeBeforeTaxRatio": 0.2300493788, "incomeTaxExpense": 1237138600.0, "netIncome": 4552513200.0, "netIncomeRatio": 0.1849315068, "eps": 2.5193709999999996, "epsdiluted": 2.4997649999999996, "weightedAverageShsOut": 1700036260.0, "weightedAverageShsOutDil": 1709839260.0, "link": "https://www.sec.gov/Archives/edgar/data/947263/000127956910001437/0001279569-10-001437-index.htm", "finalLink": "https://www.sec.gov/Archives/edgar/data/947263/000127956910001437/tdbank40f.htm", "timescheme": "Y-15"}, {"date": "2011-10-31", "symbol": "TD", "reportedCurrency": "USD", "cik": "0000947263", "fillingDate": "2011-12-01", "acceptedDate": "2011-12-01 17:01:03", "calendarYear": "2011", "period": "FY", "revenue": 30761846400.0, "costOfRevenue": 8736252400.0, "grossProfit": 22025594000.0, "grossProfitRatio": 0.7160036401, "researchAndDevelopmentExpenses": 0.0, "generalAndAdministrativeExpenses": 8905218600.0, "sellingAndMarketingExpenses": 592881400.0, "sellingGeneralAndAdministrativeExpenses": 9498100000.0, "otherExpenses": 5403919000.0, "operatingExpenses": 14902019000.0, "costAndExpenses": 23638271400.0, "interestIncome": 20904818200.0, "interestExpense": 7246550400.0, "depreciationAndAmortization": 1123775200.0, "ebitda": 8247350200.0, "ebitdaratio": 0.2681032241, "operatingIncome": 7123575000.0, "operatingIncomeRatio": 0.2315717629, "totalOtherIncomeExpensesNet": 0.0, "incomeBeforeTax": 7123575000.0, "incomeBeforeTaxRatio": 0.2315717629, "incomeTaxExpense": 1325734800.0, "netIncome": 5939811800.0, "netIncomeRatio": 0.1930902236, "eps": 3.229354, "epsdiluted": 3.209358, "weightedAverageShsOut": 1771045720.0, "weightedAverageShsOutDil": 1779843960.0, "link": "https://www.sec.gov/Archives/edgar/data/947263/000127956911001363/0001279569-11-001363-index.htm", "finalLink": "https://www.sec.gov/Archives/edgar/data/947263/000127956911001363/tdbank40f.htm", "timescheme": "Y-14"}, {"date": "2012-10-31", "symbol": "TD", "reportedCurrency": "USD", "cik": "0000947263", "fillingDate": "2012-12-06", "acceptedDate": "2012-12-06 16:05:22", "calendarYear": "2012", "period": "FY", "revenue": 32439276600.0, "costOfRevenue": 9000695100.0, "grossProfit": 23438581500.0, "grossProfitRatio": 0.7225371203, "researchAndDevelopmentExpenses": 0.0, "generalAndAdministrativeExpenses": 9676221900.0, "sellingAndMarketingExpenses": 667532400.0, "sellingGeneralAndAdministrativeExpenses": 10343754300.0, "otherExpenses": 5788944900.0, "operatingExpenses": 16132699200.0, "costAndExpenses": 25133394300.0, "interestIncome": 22222433400.0, "interestExpense": 7206951600.0, "depreciationAndAmortization": 970320300.0, "ebitda": 8276202600.0, "ebitdaratio": 0.255129074, "operatingIncome": 7305882300.0, "operatingIncomeRatio": 0.225217177, "totalOtherIncomeExpensesNet": 0.0, "incomeBeforeTax": 7305882300.0, "incomeBeforeTaxRatio": 0.225217177, "incomeTaxExpense": 1084240500.0, "netIncome": 6351550800.0, "netIncomeRatio": 0.195798164, "eps": 3.39762, "epsdiluted": 3.3776339999999996, "weightedAverageShsOut": 1823387734.5, "weightedAverageShsOutDil": 1828419210.0, "link": "https://www.sec.gov/Archives/edgar/data/947263/000127956912001419/0001279569-12-001419-index.htm", "finalLink": "https://www.sec.gov/Archives/edgar/data/947263/000127956912001419/tdbank40f36811.htm", "timescheme": "Y-13"}, {"date": "2013-04-30", "symbol": "TD", "reportedCurrency": "USD", "cik": "0000947263", "fillingDate": "2013-05-23", "acceptedDate": "2013-05-23 14:23:50", "calendarYear": "2013", "period": "Q2", "revenue": 8029325000.0, "costOfRevenue": 1968127500.0, "grossProfit": 6061197500.0, "grossProfitRatio": 0.7548825711, "researchAndDevelopmentExpenses": 0.0, "generalAndAdministrativeExpenses": 2481250000.0, "sellingAndMarketingExpenses": 169717500.0, "sellingGeneralAndAdministrativeExpenses": 2650967500.0, "otherExpenses": 1475847500.0, "operatingExpenses": 4126815000.0, "costAndExpenses": 6094942500.0, "interestIncome": 5425997500.0, "interestExpense": 1554255000.0, "depreciationAndAmortization": 251102500.0, "ebitda": 2185485000.0, "ebitdaratio": 0.2721878863, "operatingIncome": 1934382500.0, "operatingIncomeRatio": 0.2409147095, "totalOtherIncomeExpensesNet": 0.0, "incomeBeforeTax": 1934382500.0, "incomeBeforeTaxRatio": 0.2409147095, "incomeTaxExpense": 286832500.0, "netIncome": 1678317500.0, "netIncomeRatio": 0.2090234858, "eps": 0.883325, "epsdiluted": 0.883325, "weightedAverageShsOut": 1827986500.0, "weightedAverageShsOutDil": 1833544500.0, "link": "https://www.sec.gov/Archives/edgar/data/947263/000127956913000743/0001279569-13-000743-index.htm", "finalLink": "https://www.sec.gov/Archives/edgar/data/947263/000127956913000743/ex991.htm", "timescheme": "Q-50"}, {"date": "2013-07-31", "symbol": "TD", "reportedCurrency": "USD", "cik": "0000947263", "fillingDate": "2013-08-29", "acceptedDate": "2013-08-29 15:40:56", "calendarYear": "2013", "period": "Q3", "revenue": 8408235000.0, "costOfRevenue": 2058782500.0, "grossProfit": 6349452500.0, "grossProfitRatio": 0.7551468887, "researchAndDevelopmentExpenses": 0.0, "generalAndAdministrativeExpenses": 2978767500.0, "sellingAndMarketingExpenses": 166297500.0, "sellingGeneralAndAdministrativeExpenses": 3145065000.0, "otherExpenses": 1554055000.0, "operatingExpenses": 4699120000.0, "costAndExpenses": 6757902500.0, "interestIncome": 5625912500.0, "interestExpense": 1594900000.0, "depreciationAndAmortization": 249932500.0, "ebitda": 1900265000.0, "ebitdaratio": 0.2260004626, "operatingIncome": 1650332500.0, "operatingIncomeRatio": 0.1962757344, "totalOtherIncomeExpensesNet": 0.0, "incomeBeforeTax": 1650332500.0, "incomeBeforeTaxRatio": 0.1962757344, "incomeTaxExpense": 242152500.0, "netIncome": 1455832500.0, "netIncomeRatio": 0.1731436502, "eps": 0.768275, "epsdiluted": 0.768275, "weightedAverageShsOut": 1792123000.0, "weightedAverageShsOutDil": 1797277250.0, "link": "https://www.sec.gov/Archives/edgar/data/947263/000127956913001206/0001279569-13-001206-index.htm", "finalLink": "https://www.sec.gov/Archives/edgar/data/947263/000127956913001206/ex991.htm", "timescheme": "Q-49"}, {"date": "2013-10-31", "symbol": "TD", "reportedCurrency": "USD", "cik": "0000947263", "fillingDate": "2013-12-05", "acceptedDate": "2013-12-05 16:59:45", "calendarYear": "2013", "period": "FY", "revenue": 31626881000.0, "costOfRevenue": 7829593200.0, "grossProfit": 23797287800.0, "grossProfitRatio": 0.752438655, "researchAndDevelopmentExpenses": 0.0, "generalAndAdministrativeExpenses": 10258376700.0, "sellingAndMarketingExpenses": 656298500.0, "sellingGeneralAndAdministrativeExpenses": 10914675200.0, "otherExpenses": 5693988300.0, "operatingExpenses": 16608663500.0, "costAndExpenses": 24438256700.0, "interestIncome": 21667431500.0, "interestExpense": 6266932100.0, "depreciationAndAmortization": 995465900.0, "ebitda": 8184090200.0, "ebitdaratio": 0.2587700697, "operatingIncome": 7188624300.0, "operatingIncomeRatio": 0.2272947592, "totalOtherIncomeExpensesNet": 0.0, "incomeBeforeTax": 7188624300.0, "incomeBeforeTaxRatio": 0.2272947592, "incomeTaxExpense": 1087443500.0, "netIncome": 6261183500.0, "netIncomeRatio": 0.197970312, "eps": 3.3150259999999996, "epsdiluted": 3.295864, "weightedAverageShsOut": 1760891990.0, "weightedAverageShsOutDil": 1767790310.0, "link": "https://www.sec.gov/Archives/edgar/data/947263/000127956913001652/0001279569-13-001652-index.htm", "finalLink": "https://www.sec.gov/Archives/edgar/data/947263/000127956913001652/tdbank40f.htm", "timescheme": "Y-12"}, {"date": "2013-10-31", "symbol": "TD", "reportedCurrency": "USD", "cik": "0000947263", "fillingDate": "2014-05-22", "acceptedDate": "2014-05-22 16:07:49", "calendarYear": "2013", "period": "Q4", "revenue": 10456703400.0, "costOfRevenue": 1915241900.0, "grossProfit": 8541461500.0, "grossProfitRatio": 0.816840755, "researchAndDevelopmentExpenses": 0.0, "generalAndAdministrativeExpenses": 4775170400.0, "sellingAndMarketingExpenses": 185871400.0, "sellingGeneralAndAdministrativeExpenses": 4961041800.0, "otherExpenses": 1874043600.0, "operatingExpenses": 6835085400.0, "costAndExpenses": 8750327300.0, "interestIncome": 5586681100.0, "interestExpense": 1577990700.0, "depreciationAndAmortization": 271142300.0, "ebitda": 1977518400.0, "ebitdaratio": 0.1891148983, "operatingIncome": 1706376100.0, "operatingIncomeRatio": 0.1631849001, "totalOtherIncomeExpensesNet": 0.0, "incomeBeforeTax": 1706376100.0, "incomeBeforeTaxRatio": 0.1631849001, "incomeTaxExpense": 229944000.0, "netIncome": 1528169500.0, "netIncomeRatio": 0.1461425692, "eps": 0.8335469999999999, "epsdiluted": 0.8335469999999999, "weightedAverageShsOut": 1818009121.5, "weightedAverageShsOutDil": 1763957910.0, "link": "https://www.sec.gov/Archives/edgar/data/947263/000127956914000932/0001279569-14-000932-index.htm", "finalLink": "https://www.sec.gov/Archives/edgar/data/947263/000127956914000932/ex991.htm", "timescheme": "Q-48"}, {"date": "2014-01-31", "symbol": "TD", "reportedCurrency": "USD", "cik": "0000947263", "fillingDate": "2014-02-27", "acceptedDate": "2014-02-27 15:04:02", "calendarYear": "2014", "period": "Q1", "revenue": 7977832000.0, "costOfRevenue": 1874126000.0, "grossProfit": 6103706000.0, "grossProfitRatio": 0.7650832958, "researchAndDevelopmentExpenses": 0.0, "generalAndAdministrativeExpenses": 2490154000.0, "sellingAndMarketingExpenses": 153558000.0, "sellingGeneralAndAdministrativeExpenses": 2643712000.0, "otherExpenses": 1367654000.0, "operatingExpenses": 4011366000.0, "costAndExpenses": 5885492000.0, "interestIncome": 5326936000.0, "interestExpense": 1464638000.0, "depreciationAndAmortization": 254134000.0, "ebitda": 2346474000.0, "ebitdaratio": 0.2941242683, "operatingIncome": 2092340000.0, "operatingIncomeRatio": 0.2622692481, "totalOtherIncomeExpensesNet": 0.0, "incomeBeforeTax": 2092340000.0, "incomeBeforeTaxRatio": 0.2622692481, "incomeTaxExpense": 327770000.0, "netIncome": 1809470000.0, "netIncomeRatio": 0.2268122467, "eps": 0.96086, "epsdiluted": 0.96086, "weightedAverageShsOut": 1648099400.0, "weightedAverageShsOutDil": 1653307800.0, "link": "https://www.sec.gov/Archives/edgar/data/947263/000127956914000297/0001279569-14-000297-index.htm", "finalLink": "https://www.sec.gov/Archives/edgar/data/947263/000127956914000297/ex991.htm", "timescheme": "Q-47"}, {"date": "2014-04-30", "symbol": "TD", "reportedCurrency": "USD", "cik": "0000947263", "fillingDate": "2014-05-22", "acceptedDate": "2014-05-22 16:03:41", "calendarYear": "2014", "period": "Q2", "revenue": 8111328000.0, "costOfRevenue": 1761072000.0, "grossProfit": 6350256000.0, "grossProfitRatio": 0.7828873398, "researchAndDevelopmentExpenses": 0.0, "generalAndAdministrativeExpenses": 2486112000.0, "sellingAndMarketingExpenses": 169632000.0, "sellingGeneralAndAdministrativeExpenses": 2655744000.0, "otherExpenses": 1546752000.0, "operatingExpenses": 4202496000.0, "costAndExpenses": 5963568000.0, "interestIncome": 5408160000.0, "interestExpense": 1403568000.0, "depreciationAndAmortization": 251712000.0, "ebitda": 2399472000.0, "ebitdaratio": 0.295817405, "operatingIncome": 2147760000.0, "operatingIncomeRatio": 0.2647852485, "totalOtherIncomeExpensesNet": 0.0, "incomeBeforeTax": 2147760000.0, "incomeBeforeTaxRatio": 0.2647852485, "incomeTaxExpense": 407664000.0, "netIncome": 1789344000.0, "netIncomeRatio": 0.2205981561, "eps": 0.9576000000000001, "epsdiluted": 0.9484800000000001, "weightedAverageShsOut": 1677076800.0, "weightedAverageShsOutDil": 1682457600.0, "link": "https://www.sec.gov/Archives/edgar/data/947263/000127956914000930/0001279569-14-000930-index.htm", "finalLink": "https://www.sec.gov/Archives/edgar/data/947263/000127956914000930/ex991.htm", "timescheme": "Q-46"}, {"date": "2014-07-31", "symbol": "TD", "reportedCurrency": "USD", "cik": "0000947263", "fillingDate": "2014-08-28", "acceptedDate": "2014-08-28 15:00:49", "calendarYear": "2014", "period": "Q3", "revenue": 8245716500.0, "costOfRevenue": 1746313500.0, "grossProfit": 6499403000.0, "grossProfitRatio": 0.7882156754, "researchAndDevelopmentExpenses": 0.0, "generalAndAdministrativeExpenses": 2679514100.0, "sellingAndMarketingExpenses": 166839400.0, "sellingGeneralAndAdministrativeExpenses": 2846353500.0, "otherExpenses": 1489637500.0, "operatingExpenses": 4335991000.0, "costAndExpenses": 6082304500.0, "interestIncome": 5502033400.0, "interestExpense": 1436468900.0, "depreciationAndAmortization": 239258700.0, "ebitda": 2402670700.0, "ebitdaratio": 0.2913841023, "operatingIncome": 2163412000.0, "operatingIncomeRatio": 0.2623679822, "totalOtherIncomeExpensesNet": 0.0, "incomeBeforeTax": 2163412000.0, "incomeBeforeTaxRatio": 0.2623679822, "incomeTaxExpense": 302511000.0, "netIncome": 1906736000.0, "netIncomeRatio": 0.2312395775, "eps": 1.026704, "epsdiluted": 1.0175370000000001, "weightedAverageShsOut": 1686911340.0, "weightedAverageShsOutDil": 1692686550.0, "link": "https://www.sec.gov/Archives/edgar/data/947263/000127956914001405/0001279569-14-001405-index.htm", "finalLink": "https://www.sec.gov/Archives/edgar/data/947263/000127956914001405/ex991.htm", "timescheme": "Q-45"}, {"date": "2014-10-31", "symbol": "TD", "reportedCurrency": "USD", "cik": "0000947263", "fillingDate": "2014-12-04", "acceptedDate": "2014-12-04 14:58:25", "calendarYear": "2014", "period": "FY", "revenue": 31932201600.0, "costOfRevenue": 7011347400.0, "grossProfit": 24920854200.0, "grossProfitRatio": 0.7804301912, "researchAndDevelopmentExpenses": 0.0, "generalAndAdministrativeExpenses": 10013421600.0, "sellingAndMarketingExpenses": 670874400.0, "sellingGeneralAndAdministrativeExpenses": 10684296000.0, "otherExpenses": 6183403200.0, "operatingExpenses": 16867699200.0, "costAndExpenses": 23879046600.0, "interestIncome": 21233707200.0, "interestExpense": 5629665600.0, "depreciationAndAmortization": 1003649400.0, "ebitda": 9056804400.0, "ebitdaratio": 0.283626056, "operatingIncome": 8053155000.0, "operatingIncomeRatio": 0.2521954202, "totalOtherIncomeExpensesNet": 0.0, "incomeBeforeTax": 8053155000.0, "incomeBeforeTaxRatio": 0.2521954202, "incomeTaxExpense": 1341748800.0, "netIncome": 6900422400.0, "netIncomeRatio": 0.2160960427, "eps": 3.68271, "epsdiluted": 3.6738359999999997, "weightedAverageShsOut": 1632017340.0, "weightedAverageShsOutDil": 1637519220.0, "link": "https://www.sec.gov/Archives/edgar/data/947263/000127956914001976/0001279569-14-001976-index.htm", "finalLink": "https://www.sec.gov/Archives/edgar/data/947263/000127956914001976/tdbank40f.htm", "timescheme": "Y-11"}, {"date": "2014-10-31", "symbol": "TD", "reportedCurrency": "USD", "cik": "0000947263", "fillingDate": "2014-12-04", "acceptedDate": "2014-12-04 16:34:25", "calendarYear": "2014", "period": "Q4", "revenue": 7752326400.0, "costOfRevenue": 1755277200.0, "grossProfit": 5997049200.0, "grossProfitRatio": 0.7735805861, "researchAndDevelopmentExpenses": 0.0, "generalAndAdministrativeExpenses": 2539738800.0, "sellingAndMarketingExpenses": 192565800.0, "sellingGeneralAndAdministrativeExpenses": 2732304600.0, "otherExpenses": 1463322600.0, "operatingExpenses": 4195627200.0, "costAndExpenses": 5950904400.0, "interestIncome": 5381193600.0, "interestExpense": 1426051800.0, "depreciationAndAmortization": 283968000.0, "ebitda": 2085390000.0, "ebitdaratio": 0.2690018315, "operatingIncome": 1801422000.0, "operatingIncomeRatio": 0.2323717949, "totalOtherIncomeExpensesNet": 0.0, "incomeBeforeTax": 1801422000.0, "incomeBeforeTaxRatio": 0.2323717949, "incomeTaxExpense": 328338000.0, "netIncome": 1525440600.0, "netIncomeRatio": 0.196771978, "eps": 0.825282, "epsdiluted": 0.825282, "weightedAverageShsOut": 1665597443.3999999, "weightedAverageShsOutDil": 1641423780.0, "link": "https://www.sec.gov/Archives/edgar/data/947263/000127956914001977/0001279569-14-001977-index.htm", "finalLink": "https://www.sec.gov/Archives/edgar/data/947263/000127956914001977/ex991.htm", "timescheme": "Q-44"}, {"date": "2015-01-31", "symbol": "TD", "reportedCurrency": "USD", "cik": "0000947263", "fillingDate": "2015-02-26", "acceptedDate": "2015-02-26 16:04:31", "calendarYear": "2015", "period": "Q1", "revenue": 7176728000.0, "costOfRevenue": 1546844000.0, "grossProfit": 5629884000.0, "grossProfitRatio": 0.784463895, "researchAndDevelopmentExpenses": 0.0, "generalAndAdministrativeExpenses": 2310843600.0, "sellingAndMarketingExpenses": 123276400.0, "sellingGeneralAndAdministrativeExpenses": 2434120000.0, "otherExpenses": 1320706400.0, "operatingExpenses": 3754826400.0, "costAndExpenses": 5301670400.0, "interestIncome": 4843113600.0, "interestExpense": 1262601600.0, "depreciationAndAmortization": 236345200.0, "ebitda": 2111402800.0, "ebitdaratio": 0.2942013129, "operatingIncome": 1875057600.0, "operatingIncomeRatio": 0.2612691466, "totalOtherIncomeExpensesNet": 0.0, "incomeBeforeTax": 1875057600.0, "incomeBeforeTaxRatio": 0.2612691466, "incomeTaxExpense": 328213600.0, "netIncome": 1596311600.0, "netIncomeRatio": 0.222428884, "eps": 0.8558680000000001, "epsdiluted": 0.8558680000000001, "weightedAverageShsOut": 1448065840.0, "weightedAverageShsOutDil": 1452384440.0, "link": "https://www.sec.gov/Archives/edgar/data/947263/000127956915000359/0001279569-15-000359-index.htm", "finalLink": "https://www.sec.gov/Archives/edgar/data/947263/000127956915000359/ex991.htm", "timescheme": "Q-43"}, {"date": "2015-04-30", "symbol": "TD", "reportedCurrency": "USD", "cik": "0000947263", "fillingDate": "2015-05-28", "acceptedDate": "2015-05-28 15:38:48", "calendarYear": "2015", "period": "Q2", "revenue": 7587228000.0, "costOfRevenue": 1542294600.0, "grossProfit": 6044933400.0, "grossProfitRatio": 0.7967248908, "researchAndDevelopmentExpenses": 0.0, "generalAndAdministrativeExpenses": 2378877600.0, "sellingAndMarketingExpenses": 149922300.0, "sellingGeneralAndAdministrativeExpenses": 2528799900.0, "otherExpenses": 1764279000.0, "operatingExpenses": 4293078900.0, "costAndExpenses": 5835373500.0, "interestIncome": 5025296100.0, "interestExpense": 1231682100.0, "depreciationAndAmortization": 260086200.0, "ebitda": 2011940700.0, "ebitdaratio": 0.2651746725, "operatingIncome": 1751854500.0, "operatingIncomeRatio": 0.2308951965, "totalOtherIncomeExpensesNet": 0.0, "incomeBeforeTax": 1751854500.0, "incomeBeforeTaxRatio": 0.2308951965, "incomeTaxExpense": 284935200.0, "netIncome": 1516617300.0, "netIncomeRatio": 0.1998908297, "eps": 0.8117340000000001, "epsdiluted": 0.803451, "weightedAverageShsOut": 1530946890.0, "weightedAverageShsOutDil": 1535171220.0, "link": "https://www.sec.gov/Archives/edgar/data/947263/000127956915001169/0001279569-15-001169-index.htm", "finalLink": "https://www.sec.gov/Archives/edgar/data/947263/000127956915001169/ex991.htm", "timescheme": "Q-42"}, {"date": "2015-07-31", "symbol": "TD", "reportedCurrency": "USD", "cik": "0000947263", "fillingDate": "2015-08-27", "acceptedDate": "2015-08-27 14:13:32", "calendarYear": "2015", "period": "Q3", "revenue": 7250196000.0, "costOfRevenue": 1531581000.0, "grossProfit": 5718615000.0, "grossProfitRatio": 0.7887531592, "researchAndDevelopmentExpenses": 0.0, "generalAndAdministrativeExpenses": 2184373500.0, "sellingAndMarketingExpenses": 146592000.0, "sellingGeneralAndAdministrativeExpenses": 2330965500.0, "otherExpenses": 1343760000.0, "operatingExpenses": 3674725500.0, "costAndExpenses": 5206306500.0, "interestIncome": 4784091000.0, "interestExpense": 1197931500.0, "depreciationAndAmortization": 240502500.0, "ebitda": 2284392000.0, "ebitdaratio": 0.3150800337, "operatingIncome": 2043889500.0, "operatingIncomeRatio": 0.2819081719, "totalOtherIncomeExpensesNet": 0.0, "incomeBeforeTax": 2043889500.0, "incomeBeforeTaxRatio": 0.2819081719, "incomeTaxExpense": 383277000.0, "netIncome": 1708713000.0, "netIncomeRatio": 0.2356781803, "eps": 0.9161999999999999, "epsdiluted": 0.908565, "weightedAverageShsOut": 1413314850.0, "weightedAverageShsOutDil": 1416826950.0, "link": "https://www.sec.gov/Archives/edgar/data/947263/000127956915001725/0001279569-15-001725-index.htm", "finalLink": "https://www.sec.gov/Archives/edgar/data/947263/000127956915001725/ex991.htm", "timescheme": "Q-41"}, {"date": "2015-10-31", "symbol": "TD", "reportedCurrency": "USD", "cik": "0000947263", "fillingDate": "2015-12-03", "acceptedDate": "2015-12-03 15:07:15", "calendarYear": "2015", "period": "Q4", "revenue": 6991364000.0, "costOfRevenue": 1490564000.0, "grossProfit": 5500800000.0, "grossProfitRatio": 0.7867992569, "researchAndDevelopmentExpenses": 0.0, "generalAndAdministrativeExpenses": 2190388000.0, "sellingAndMarketingExpenses": 151272000.0, "sellingGeneralAndAdministrativeExpenses": 2341660000.0, "otherExpenses": 1638780000.0, "operatingExpenses": 3980440000.0, "costAndExpenses": 5471004000.0, "interestIncome": 4835356000.0, "interestExpense": 1101688000.0, "depreciationAndAmortization": 244480000.0, "ebitda": 1764840000.0, "ebitdaratio": 0.2524314283, "operatingIncome": 1520360000.0, "operatingIncomeRatio": 0.2174625724, "totalOtherIncomeExpensesNet": 0.0, "incomeBeforeTax": 1520360000.0, "incomeBeforeTaxRatio": 0.2174625724, "incomeTaxExpense": 197876000.0, "netIncome": 1382840000.0, "netIncomeRatio": 0.197792591, "eps": 0.73344, "epsdiluted": 0.73344, "weightedAverageShsOut": 1415768400.0, "weightedAverageShsOutDil": 1418900800.0, "link": "https://www.sec.gov/Archives/edgar/data/947263/000127956915002314/0001279569-15-002314-index.htm", "finalLink": "https://www.sec.gov/Archives/edgar/data/947263/000127956915002314/ex991.htm", "timescheme": "Q-40"}, {"date": "2015-10-31", "symbol": "TD", "reportedCurrency": "USD", "cik": "0000947263", "fillingDate": "2015-12-03", "acceptedDate": "2015-12-03 12:56:34", "calendarYear": "2015", "period": "FY", "revenue": 28426912000.0, "costOfRevenue": 5950796000.0, "grossProfit": 22476116000.0, "grossProfitRatio": 0.7906632982, "researchAndDevelopmentExpenses": 0.0, "generalAndAdministrativeExpenses": 8818852000.0, "sellingAndMarketingExpenses": 556192000.0, "sellingGeneralAndAdministrativeExpenses": 9375044000.0, "otherExpenses": 6095192000.0, "operatingExpenses": 15470236000.0, "costAndExpenses": 21421032000.0, "interestIncome": 18970120000.0, "interestExpense": 4664984000.0, "depreciationAndAmortization": 955000000.0, "ebitda": 7960880000.0, "ebitdaratio": 0.2800473017, "operatingIncome": 7005880000.0, "operatingIncomeRatio": 0.2464523758, "totalOtherIncomeExpensesNet": 0.0, "incomeBeforeTax": 7005880000.0, "incomeBeforeTaxRatio": 0.2464523758, "incomeTaxExpense": 1163572000.0, "netIncome": 6044768000.0, "netIncomeRatio": 0.2126424425, "eps": 3.22408, "epsdiluted": 3.21644, "weightedAverageShsOut": 1412788800.0, "weightedAverageShsOutDil": 1416532400.0, "link": "https://www.sec.gov/Archives/edgar/data/947263/000127956915002313/0001279569-15-002313-index.htm", "finalLink": "https://www.sec.gov/Archives/edgar/data/947263/000127956915002313/tdform40f.htm", "timescheme": "Y-10"}, {"date": "2016-01-31", "symbol": "TD", "reportedCurrency": "USD", "cik": "0000947263", "fillingDate": "2016-02-25", "acceptedDate": "2016-02-25 11:42:28", "calendarYear": "2016", "period": "Q1", "revenue": 7225245300.0, "costOfRevenue": 1583674200.0, "grossProfit": 5641571100.0, "grossProfitRatio": 0.7808137808, "researchAndDevelopmentExpenses": 0.0, "generalAndAdministrativeExpenses": 2133739900.0000002, "sellingAndMarketingExpenses": 123746900.00000001, "sellingGeneralAndAdministrativeExpenses": 2257486800.0, "otherExpenses": 1481386300.0, "operatingExpenses": 3738873100.0000005, "costAndExpenses": 5322547300.0, "interestIncome": 4734570700.0, "interestExpense": 1124451600.0, "depreciationAndAmortization": 231757200.00000003, "ebitda": 2134455200.0000002, "ebitdaratio": 0.2954162954, "operatingIncome": 1902698000.0000002, "operatingIncomeRatio": 0.2633402633, "totalOtherIncomeExpensesNet": 0.0, "incomeBeforeTax": 1902698000.0000002, "incomeBeforeTaxRatio": 0.2633402633, "incomeTaxExpense": 390553800.0, "netIncome": 1569368200.0, "netIncomeRatio": 0.2172062172, "eps": 0.836901, "epsdiluted": 0.836901, "weightedAverageShsOut": 1326237730.0, "weightedAverageShsOutDil": 1328669750.0, "link": "https://www.sec.gov/Archives/edgar/data/947263/000127956916002768/0001279569-16-002768-index.htm", "finalLink": "https://www.sec.gov/Archives/edgar/data/947263/000127956916002768/ex991.htm", "timescheme": "Q-39"}, {"date": "2016-04-30", "symbol": "TD", "reportedCurrency": "USD", "cik": "0000947263", "fillingDate": "2016-05-26", "acceptedDate": "2016-05-26 12:05:48", "calendarYear": "2016", "period": "Q2", "revenue": 7784916100.000001, "costOfRevenue": 1732460600.0, "grossProfit": 6052455500.0, "grossProfitRatio": 0.7774593101, "researchAndDevelopmentExpenses": 0.0, "generalAndAdministrativeExpenses": 2273555700.0, "sellingAndMarketingExpenses": 145035800.0, "sellingGeneralAndAdministrativeExpenses": 2418591500.0, "otherExpenses": 1714131900.0, "operatingExpenses": 4132723400.0000005, "costAndExpenses": 5865184000.0, "interestIncome": 5155943000.0, "interestExpense": 1267071000.0, "depreciationAndAmortization": 262180100.00000003, "ebitda": 2181912200.0, "ebitdaratio": 0.2802743372, "operatingIncome": 1919732100.0000002, "operatingIncomeRatio": 0.2465963763, "totalOtherIncomeExpensesNet": 0.0, "incomeBeforeTax": 1919732100.0000002, "incomeBeforeTaxRatio": 0.2465963763, "incomeTaxExpense": 371355400.0, "netIncome": 1612925600.0, "netIncomeRatio": 0.2071859965, "eps": 0.8526830000000001, "epsdiluted": 0.8526830000000001, "weightedAverageShsOut": 1474982210.0, "weightedAverageShsOutDil": 1477372910.0, "link": "https://www.sec.gov/Archives/edgar/data/947263/000127956916003616/0001279569-16-003616-index.htm", "finalLink": "https://www.sec.gov/Archives/edgar/data/947263/000127956916003616/ex991.htm", "timescheme": "Q-38"}, {"date": "2016-07-31", "symbol": "TD", "reportedCurrency": "USD", "cik": "0000947263", "fillingDate": "2016-08-25", "acceptedDate": "2016-08-25 14:13:19", "calendarYear": "2016", "period": "Q3", "revenue": 7883911000.0, "costOfRevenue": 1705436600.0, "grossProfit": 6178474400.0, "grossProfitRatio": 0.7836813987, "researchAndDevelopmentExpenses": 0.0, "generalAndAdministrativeExpenses": 2311184400.0, "sellingAndMarketingExpenses": 145502000.0, "sellingGeneralAndAdministrativeExpenses": 2456686400.0, "otherExpenses": 1567592600.0, "operatingExpenses": 4024279000.0, "costAndExpenses": 5729715600.0, "interestIncome": 5050451000.0, "interestExpense": 1279651800.0, "depreciationAndAmortization": 255777200.0, "ebitda": 2409972600.0, "ebitdaratio": 0.3056823701, "operatingIncome": 2154195400.0, "operatingIncomeRatio": 0.2732394366, "totalOtherIncomeExpensesNet": 0.0, "incomeBeforeTax": 2154195400.0, "incomeBeforeTaxRatio": 0.2732394366, "incomeTaxExpense": 441100800.0, "netIncome": 1783548200.0, "netIncomeRatio": 0.2262263235, "eps": 0.949592, "epsdiluted": 0.949592, "weightedAverageShsOut": 1419333720.0, "weightedAverageShsOutDil": 1421784280.0, "link": "https://www.sec.gov/Archives/edgar/data/947263/000127956916004245/0001279569-16-004245-index.htm", "finalLink": "https://www.sec.gov/Archives/edgar/data/947263/000127956916004245/ex991.htm", "timescheme": "Q-37"}, {"date": "2016-10-31", "symbol": "TD", "reportedCurrency": "USD", "cik": "0000947263", "fillingDate": "2016-12-01", "acceptedDate": "2016-12-01 13:43:25", "calendarYear": "2016", "period": "Q4", "revenue": 7805083399.999999, "costOfRevenue": 1753180800.0, "grossProfit": 6051902600.0, "grossProfitRatio": 0.7753796199, "researchAndDevelopmentExpenses": 0.0, "generalAndAdministrativeExpenses": 2166132400.0, "sellingAndMarketingExpenses": 147589200.0, "sellingGeneralAndAdministrativeExpenses": 2313721600.0, "otherExpenses": 1677895400.0, "operatingExpenses": 3991616999.9999995, "costAndExpenses": 5744797800.0, "interestIncome": 5125370400.0, "interestExpense": 1344701600.0, "depreciationAndAmortization": 260889999.99999997, "ebitda": 2321175600.0, "ebitdaratio": 0.2973927992, "operatingIncome": 2060285599.9999998, "operatingIncomeRatio": 0.2639671474, "totalOtherIncomeExpensesNet": 0.0, "incomeBeforeTax": 2060285599.9999998, "incomeBeforeTaxRatio": 0.2639671474, "incomeTaxExpense": 413697000.0, "netIncome": 1695039600.0, "netIncomeRatio": 0.2171712348, "eps": 0.8944799999999999, "epsdiluted": 0.8944799999999999, "weightedAverageShsOut": 1383015160.0, "weightedAverageShsOutDil": 1385549520.0, "link": "https://www.sec.gov/Archives/edgar/data/947263/000127956916004766/0001279569-16-004766-index.htm", "finalLink": "https://www.sec.gov/Archives/edgar/data/947263/000127956916004766/ex991.htm", "timescheme": "Q-36"}, {"date": "2016-10-31", "symbol": "TD", "reportedCurrency": "USD", "cik": "0000947263", "fillingDate": "2016-12-01", "acceptedDate": "2016-12-01 13:39:57", "calendarYear": "2016", "period": "FY", "revenue": 30290074399.999996, "costOfRevenue": 6684001800.0, "grossProfit": 23606072600.0, "grossProfitRatio": 0.7793335958, "researchAndDevelopmentExpenses": 0.0, "generalAndAdministrativeExpenses": 8765904000.0, "sellingAndMarketingExpenses": 553832200.0, "sellingGeneralAndAdministrativeExpenses": 9319736200.0, "otherExpenses": 6350808000.0, "operatingExpenses": 15670544199.999998, "costAndExpenses": 22354546000.0, "interestIncome": 19797824000.0, "interestExpense": 4947219800.0, "depreciationAndAmortization": 996599799.9999999, "ebitda": 8932128200.0, "ebitdaratio": 0.2948863077, "operatingIncome": 7935528399.999999, "operatingIncomeRatio": 0.2619844473, "totalOtherIncomeExpensesNet": 0.0, "incomeBeforeTax": 7935528399.999999, "incomeBeforeTaxRatio": 0.2619844473, "incomeTaxExpense": 1597392200.0, "netIncome": 6575173400.0, "netIncomeRatio": 0.2170735309, "eps": 3.4884719999999994, "epsdiluted": 3.4810179999999997, "weightedAverageShsOut": 1381524360.0, "weightedAverageShsOutDil": 1384058720.0, "link": "https://www.sec.gov/Archives/edgar/data/947263/000127956916004765/0001279569-16-004765-index.htm", "finalLink": "https://www.sec.gov/Archives/edgar/data/947263/000127956916004765/tdform40f.htm", "timescheme": "Y-9"}, {"date": "2017-01-31", "symbol": "TD", "reportedCurrency": "USD", "cik": "0000947263", "fillingDate": "2017-03-02", "acceptedDate": "2017-03-02 13:38:49", "calendarYear": "2017", "period": "Q1", "revenue": 8458715200.0, "costOfRevenue": 2009558700.0, "grossProfit": 6449156500.0, "grossProfitRatio": 0.7624274311, "researchAndDevelopmentExpenses": 0.0, "generalAndAdministrativeExpenses": 2424668000.0, "sellingAndMarketingExpenses": 127371800.0, "sellingGeneralAndAdministrativeExpenses": 2552039800.0, "otherExpenses": 1582939900.0, "operatingExpenses": 4134979700.0, "costAndExpenses": 6144538400.0, "interestIncome": 5468547100.0, "interestExpense": 1523857800.0, "depreciationAndAmortization": 244001400.0, "ebitda": 2558178200.0, "ebitdaratio": 0.3024310595, "operatingIncome": 2314176800.0, "operatingIncomeRatio": 0.2735849057, "totalOtherIncomeExpensesNet": 0.0, "incomeBeforeTax": 2314176800.0, "incomeBeforeTaxRatio": 0.2735849057, "incomeTaxExpense": 457310800.0, "netIncome": 1921319200.0, "netIncomeRatio": 0.2271407837, "eps": 1.012836, "epsdiluted": 1.012836, "weightedAverageShsOut": 1423955340.0, "weightedAverageShsOutDil": 1427408190.0, "link": "https://www.sec.gov/Archives/edgar/data/947263/000127956917000371/0001279569-17-000371-index.htm", "finalLink": "https://www.sec.gov/Archives/edgar/data/947263/000127956917000371/ex991.htm", "timescheme": "Q-35"}, {"date": "2017-04-30", "symbol": "TD", "reportedCurrency": "USD", "cik": "0000947263", "fillingDate": "2017-05-25", "acceptedDate": "2017-05-25 12:30:54", "calendarYear": "2017", "period": "Q2", "revenue": 7679955310.0, "costOfRevenue": 1895615580.0, "grossProfit": 5784339730.0, "grossProfitRatio": 0.7531736184, "researchAndDevelopmentExpenses": 0.0, "generalAndAdministrativeExpenses": 2210818480.0, "sellingAndMarketingExpenses": 134877520.0, "sellingGeneralAndAdministrativeExpenses": 2345696000.0, "otherExpenses": 1496847260.0, "operatingExpenses": 3842543260.0, "costAndExpenses": 5738158840.0, "interestIncome": 5274150850.0, "interestExpense": 1529100580.0, "depreciationAndAmortization": 234569600.0, "ebitda": 2176366070.0, "ebitdaratio": 0.2833826477, "operatingIncome": 1941796470.0, "operatingIncomeRatio": 0.2528395533, "totalOtherIncomeExpensesNet": 0.0, "incomeBeforeTax": 1941796470.0, "incomeBeforeTaxRatio": 0.2528395533, "incomeTaxExpense": 188388710.0, "netIncome": 1814249250.0, "netIncomeRatio": 0.2362317457, "eps": 0.9602693, "epsdiluted": 0.9602693, "weightedAverageShsOut": 1359330832.0, "weightedAverageShsOutDil": 1362482861.0, "link": "https://www.sec.gov/Archives/edgar/data/947263/000127956917001125/0001279569-17-001125-index.htm", "finalLink": "https://www.sec.gov/Archives/edgar/data/947263/000127956917001125/ex991.htm", "timescheme": "Q-34"}, {"date": "2017-07-31", "symbol": "TD", "reportedCurrency": "USD", "cik": "0000947263", "fillingDate": "2017-08-31", "acceptedDate": "2017-08-31 10:41:43", "calendarYear": "2017", "period": "Q3", "revenue": 9259383500.0, "costOfRevenue": 2291031000.0, "grossProfit": 6968352500.0, "grossProfitRatio": 0.752571972, "researchAndDevelopmentExpenses": 0.0, "generalAndAdministrativeExpenses": 2438323000.0, "sellingAndMarketingExpenses": 138486500.0, "sellingGeneralAndAdministrativeExpenses": 2576809500.0, "otherExpenses": 1664239500.0, "operatingExpenses": 4241049000.0, "costAndExpenses": 6532080000.0, "interestIncome": 6103012000.0, "interestExpense": 1886778500.0, "depreciationAndAmortization": 269768500.0, "ebitda": 2997072000.0, "ebitdaratio": 0.3236794329, "operatingIncome": 2727303500.0, "operatingIncomeRatio": 0.2945448258, "totalOtherIncomeExpensesNet": 0.0, "incomeBeforeTax": 2727303500.0, "incomeBeforeTaxRatio": 0.2945448258, "incomeTaxExpense": 608380000.0, "netIncome": 2193370000.0, "netIncomeRatio": 0.2368807815, "eps": 1.16873, "epsdiluted": 1.16873, "weightedAverageShsOut": 1478123250.0, "weightedAverageShsOutDil": 1481085100.0, "link": "https://www.sec.gov/Archives/edgar/data/947263/000127956917001722/0001279569-17-001722-index.htm", "finalLink": "https://www.sec.gov/Archives/edgar/data/947263/000127956917001722/ex991.htm", "timescheme": "Q-33"}, {"date": "2017-10-31", "symbol": "TD", "reportedCurrency": "USD", "cik": "0000947263", "fillingDate": "2017-11-30", "acceptedDate": "2017-11-30 12:58:44", "calendarYear": "2017", "period": "Q4", "revenue": 9113676000.0, "costOfRevenue": 2430417000.0, "grossProfit": 6683259000.0, "grossProfitRatio": 0.7333219877, "researchAndDevelopmentExpenses": 0.0, "generalAndAdministrativeExpenses": 2359071000.0, "sellingAndMarketingExpenses": 157426500.0, "sellingGeneralAndAdministrativeExpenses": 2516497500.0, "otherExpenses": 1647162000.0, "operatingExpenses": 4163659500.0, "costAndExpenses": 6594076500.0, "interestIncome": 6115593000.0, "interestExpense": 1982178000.0, "depreciationAndAmortization": 257466000.0, "ebitda": 2777065500.0, "ebitdaratio": 0.3047140912, "operatingIncome": 2519599500.0, "operatingIncomeRatio": 0.2764635807, "totalOtherIncomeExpensesNet": 0.0, "incomeBeforeTax": 2519599500.0, "incomeBeforeTaxRatio": 0.2764635807, "incomeTaxExpense": 496320000.0, "netIncome": 2076013500.0, "netIncomeRatio": 0.2277910143, "eps": 1.1012099999999998, "epsdiluted": 1.1012099999999998, "weightedAverageShsOut": 1431417900.0, "weightedAverageShsOutDil": 1434597450.0, "link": "https://www.sec.gov/Archives/edgar/data/947263/000127956917002319/0001279569-17-002319-index.htm", "finalLink": "https://www.sec.gov/Archives/edgar/data/947263/000127956917002319/tdbankform40f.htm", "timescheme": "Q-32"}, {"date": "2017-10-31", "symbol": "TD", "reportedCurrency": "USD", "cik": "0000947263", "fillingDate": "2017-11-30", "acceptedDate": "2017-11-30 12:58:44", "calendarYear": "2017", "period": "FY", "revenue": 34763338500.0, "costOfRevenue": 8686375500.0, "grossProfit": 26076963000.0, "grossProfitRatio": 0.7501282709, "researchAndDevelopmentExpenses": 0.0, "generalAndAdministrativeExpenses": 9510732000.0, "sellingAndMarketingExpenses": 563013000.0, "sellingGeneralAndAdministrativeExpenses": 10073745000.0, "otherExpenses": 6448282500.0, "operatingExpenses": 16522027500.0, "costAndExpenses": 25208403000.0, "interestIncome": 23134716000.0, "interestExpense": 6967867500.0, "depreciationAndAmortization": 1013578500.0, "ebitda": 10568514000.0, "ebitdaratio": 0.3040132063, "operatingIncome": 9554935500.0, "operatingIncomeRatio": 0.2748566712, "totalOtherIncomeExpensesNet": 0.0, "incomeBeforeTax": 9554935500.0, "incomeBeforeTaxRatio": 0.2748566712, "incomeTaxExpense": 1747201500.0, "netIncome": 8062098000.0, "netIncomeRatio": 0.2319138019, "eps": 4.2730049999999995, "epsdiluted": 4.26525, "weightedAverageShsOut": 1435140300.0, "weightedAverageShsOutDil": 1438397400.0, "link": "https://www.sec.gov/Archives/edgar/data/947263/000127956917002319/0001279569-17-002319-index.htm", "finalLink": "https://www.sec.gov/Archives/edgar/data/947263/000127956917002319/tdbankform40f.htm", "timescheme": "Y-8"}, {"date": "2018-01-31", "symbol": "TD", "reportedCurrency": "USD", "cik": "0000947263", "fillingDate": "2018-03-01", "acceptedDate": "2018-03-01 14:24:02", "calendarYear": "2018", "period": "Q1", "revenue": 9871892100.0, "costOfRevenue": 2899294900.0, "grossProfit": 6972597200.0, "grossProfitRatio": 0.7063080845, "researchAndDevelopmentExpenses": 0.0, "generalAndAdministrativeExpenses": 2545306500.0, "sellingAndMarketingExpenses": 126656400.0, "sellingGeneralAndAdministrativeExpenses": 2671962900.0, "otherExpenses": 1665206900.0, "operatingExpenses": 4337169800.0, "costAndExpenses": 7236464700.0, "interestIncome": 6745265200.0, "interestExpense": 2336648200.0, "depreciationAndAmortization": 270362700.0, "ebitda": 2905790100.0, "ebitdaratio": 0.2943498643, "operatingIncome": 2635427400.0, "operatingIncomeRatio": 0.2669627436, "totalOtherIncomeExpensesNet": 0.0, "incomeBeforeTax": 2635427400.0, "incomeBeforeTaxRatio": 0.2669627436, "incomeTaxExpense": 844376000.0, "netIncome": 1895786500.0, "netIncomeRatio": 0.192038819, "eps": 1.006756, "epsdiluted": 1.006756, "weightedAverageShsOut": 1495276230.0, "weightedAverageShsOutDil": 1498929780.0, "link": "https://www.sec.gov/Archives/edgar/data/947263/000127956918000367/0001279569-18-000367-index.htm", "finalLink": "https://www.sec.gov/Archives/edgar/data/947263/000127956918000367/ex991.htm", "timescheme": "Q-31"}, {"date": "2018-04-30", "symbol": "TD", "reportedCurrency": "USD", "cik": "0000947263", "fillingDate": "2018-05-24", "acceptedDate": "2018-05-24 13:27:11", "calendarYear": "2018", "period": "Q2", "revenue": 9813956100.0, "costOfRevenue": 2933362900.0, "grossProfit": 6880593200.0, "grossProfitRatio": 0.701102912, "researchAndDevelopmentExpenses": 0.0, "generalAndAdministrativeExpenses": 2378928500.0, "sellingAndMarketingExpenses": 143280800.0, "sellingGeneralAndAdministrativeExpenses": 2522209300.0, "otherExpenses": 1608794200.0, "operatingExpenses": 4131003499.9999995, "costAndExpenses": 7064366400.0, "interestIncome": 6703828300.0, "interestExpense": 2500405700.0, "depreciationAndAmortization": 277217200.0, "ebitda": 3026806900.0, "ebitdaratio": 0.3084186305, "operatingIncome": 2749589700.0, "operatingIncomeRatio": 0.2801713878, "totalOtherIncomeExpensesNet": 0.0, "incomeBeforeTax": 2749589700.0, "incomeBeforeTaxRatio": 0.2801713878, "incomeTaxExpense": 580910200.0, "netIncome": 2256672600.0, "netIncomeRatio": 0.2299452511, "eps": 1.199198, "epsdiluted": 1.199198, "weightedAverageShsOut": 1435611320.0, "weightedAverageShsOutDil": 1438648250.0, "link": "https://www.sec.gov/Archives/edgar/data/947263/000127956918001163/0001279569-18-001163-index.htm", "finalLink": "https://www.sec.gov/Archives/edgar/data/947263/000127956918001163/ex991.htm", "timescheme": "Q-30"}, {"date": "2018-07-31", "symbol": "TD", "reportedCurrency": "USD", "cik": "0000947263", "fillingDate": "2018-08-30", "acceptedDate": "2018-08-30 13:45:13", "calendarYear": "2018", "period": "Q3", "revenue": 10503429300.0, "costOfRevenue": 3393581100.0, "grossProfit": 7109848200.0, "grossProfitRatio": 0.6769073221, "researchAndDevelopmentExpenses": 0.0, "generalAndAdministrativeExpenses": 2510036100.0, "sellingAndMarketingExpenses": 158269800.0, "sellingGeneralAndAdministrativeExpenses": 2668305900.0, "otherExpenses": 1691028300.0, "operatingExpenses": 4359334200.0, "costAndExpenses": 7752915300.0, "interestIncome": 7307301300.0, "interestExpense": 2962564800.0, "depreciationAndAmortization": 258148800.0, "ebitda": 3008662800.0, "ebitdaratio": 0.2864457611, "operatingIncome": 2750514000.0, "operatingIncomeRatio": 0.2618681881, "totalOtherIncomeExpensesNet": 0.0, "incomeBeforeTax": 2750514000.0, "incomeBeforeTaxRatio": 0.2618681881, "incomeTaxExpense": 541651500.0, "netIncome": 2371742100.0, "netIncomeRatio": 0.2258064516, "eps": 1.2676949999999998, "epsdiluted": 1.2676949999999998, "weightedAverageShsOut": 1405989000.0, "weightedAverageShsOutDil": 1409062200.0, "link": "https://www.sec.gov/Archives/edgar/data/947263/000127956918001778/0001279569-18-001778-index.htm", "finalLink": "https://www.sec.gov/Archives/edgar/data/947263/000127956918001778/ex991.htm", "timescheme": "Q-29"}, {"date": "2018-10-31", "symbol": "TD", "reportedCurrency": "USD", "cik": "0000947263", "fillingDate": "2018-11-29", "acceptedDate": "2018-11-29 16:21:18", "calendarYear": "2018", "period": "FY", "revenue": 40048345200.0, "costOfRevenue": 12658881100.0, "grossProfit": 27389464100.0, "grossProfitRatio": 0.6839100083, "researchAndDevelopmentExpenses": 0.0, "generalAndAdministrativeExpenses": 9740113700.0, "sellingAndMarketingExpenses": 610039100.0, "sellingGeneralAndAdministrativeExpenses": 10350152800.0, "otherExpenses": 6575963200.0, "operatingExpenses": 16926116000.0, "costAndExpenses": 29584997100.0, "interestIncome": 27669793400.0, "interestExpense": 10774825100.0, "depreciationAndAmortization": 1056742700.0, "ebitda": 11520090800.0, "ebitdaratio": 0.287654602, "operatingIncome": 10463348100.0, "operatingIncomeRatio": 0.2612679262, "totalOtherIncomeExpensesNet": 0.0, "incomeBeforeTax": 10463348100.0, "incomeBeforeTaxRatio": 0.2612679262, "incomeTaxExpense": 2417365400.0, "netIncome": 8555741400.0, "netIncomeRatio": 0.2136353289, "eps": 4.5733939999999995, "epsdiluted": 4.565797, "weightedAverageShsOut": 1394353380.0, "weightedAverageShsOutDil": 1397468150.0, "link": "https://www.sec.gov/Archives/edgar/data/947263/000119312518338056/0001193125-18-338056-index.htm", "finalLink": "https://www.sec.gov/Archives/edgar/data/947263/000119312518338056/d508435d40f.htm", "timescheme": "Y-7"}, {"date": "2018-10-31", "symbol": "TD", "reportedCurrency": "USD", "cik": "0000947263", "fillingDate": "2018-11-29", "acceptedDate": "2018-11-29 16:21:18", "calendarYear": "2018", "period": "Q4", "revenue": 10850795100.0, "costOfRevenue": 3728607600.0, "grossProfit": 7122187500.0, "grossProfitRatio": 0.6563747112, "researchAndDevelopmentExpenses": 0.0, "generalAndAdministrativeExpenses": 2555630800.0, "sellingAndMarketingExpenses": 195242900.0, "sellingGeneralAndAdministrativeExpenses": 2750873700.0, "otherExpenses": 1776178600.0, "operatingExpenses": 4527052300.0, "costAndExpenses": 8255659900.0, "interestIncome": 7592441800.0, "interestExpense": 3219608600.0, "depreciationAndAmortization": 278050200.0, "ebitda": 2873185400.0, "ebitdaratio": 0.2647903102, "operatingIncome": 2595135200.0, "operatingIncomeRatio": 0.2391654414, "totalOtherIncomeExpensesNet": 0.0, "incomeBeforeTax": 2595135200.0, "incomeBeforeTaxRatio": 0.2391654414, "incomeTaxExpense": 524952700.0, "netIncome": 2235037400.0, "netIncomeRatio": 0.205979136, "eps": 1.2003260000000002, "epsdiluted": 1.2003260000000002, "weightedAverageShsOut": 1387592050.0, "weightedAverageShsOutDil": 1390630850.0, "link": "https://www.sec.gov/Archives/edgar/data/947263/000119312518338056/0001193125-18-338056-index.htm", "finalLink": "https://www.sec.gov/Archives/edgar/data/947263/000119312518338056/d508435d40f.htm", "timescheme": "Q-28"}, {"date": "2019-01-31", "symbol": "TD", "reportedCurrency": "USD", "cik": "0000947263", "fillingDate": "2019-02-28", "acceptedDate": "2019-02-28 12:27:50", "calendarYear": "2019", "period": "Q1", "revenue": 11121518200.0, "costOfRevenue": 4215801200.0, "grossProfit": 6905717000.0, "grossProfitRatio": 0.6209329406, "researchAndDevelopmentExpenses": 0.0, "generalAndAdministrativeExpenses": 2707437200.0, "sellingAndMarketingExpenses": 121888000.0, "sellingGeneralAndAdministrativeExpenses": 2829325200.0, "otherExpenses": 2102568000.0, "operatingExpenses": 4931893200.0, "costAndExpenses": 9147694400.0, "interestIncome": 8032419200.0, "interestExpense": 3568271200.0, "depreciationAndAmortization": 258250200.0, "ebitda": 2232074000.0, "ebitdaratio": 0.200698678, "operatingIncome": 1973823800.0, "operatingIncomeRatio": 0.1774779094, "totalOtherIncomeExpensesNet": 0.0, "incomeBeforeTax": 1973823800.0, "incomeBeforeTaxRatio": 0.1774779094, "incomeTaxExpense": 383185400.0, "netIncome": 1822225600.0, "netIncomeRatio": 0.1638468388, "eps": 0.9674860000000001, "epsdiluted": 0.9674860000000001, "weightedAverageShsOut": 1396455580.0, "weightedAverageShsOutDil": 1398817160.0, "link": "https://www.sec.gov/Archives/edgar/data/947263/000119312519056646/0001193125-19-056646-index.htm", "finalLink": "https://www.sec.gov/Archives/edgar/data/947263/000119312519056646/d658055dex991.htm", "timescheme": "Q-27"}, {"date": "2019-04-30", "symbol": "TD", "reportedCurrency": "USD", "cik": "0000947263", "fillingDate": "2019-05-23", "acceptedDate": "2019-05-23 13:13:11", "calendarYear": "2019", "period": "Q2", "revenue": 10854225200.0, "costOfRevenue": 3756370800.0, "grossProfit": 7097854400.0, "grossProfitRatio": 0.6539254778, "researchAndDevelopmentExpenses": 0.0, "generalAndAdministrativeExpenses": 2587075400.0, "sellingAndMarketingExpenses": 153717200.0, "sellingGeneralAndAdministrativeExpenses": 2740792600.0, "otherExpenses": 1611792000.0, "operatingExpenses": 4352584600.0, "costAndExpenses": 8108955400.0, "interestIncome": 7665712600.0, "interestExpense": 3284026200.0, "depreciationAndAmortization": 256692800.0, "ebitda": 3001962600.0, "ebitdaratio": 0.2765708786, "operatingIncome": 2745269800.0, "operatingIncomeRatio": 0.2529217654, "totalOtherIncomeExpensesNet": 0.0, "incomeBeforeTax": 2745269800.0, "incomeBeforeTaxRatio": 0.2529217654, "incomeTaxExpense": 576812600.0, "netIncome": 2366946400.0, "netIncomeRatio": 0.2180668225, "eps": 1.26854, "epsdiluted": 1.26854, "weightedAverageShsOut": 1363008920.0, "weightedAverageShsOutDil": 1365546000.0, "link": "https://www.sec.gov/Archives/edgar/data/947263/000119312519155048/0001193125-19-155048-index.htm", "finalLink": "https://www.sec.gov/Archives/edgar/data/947263/000119312519155048/d724193dex991.htm", "timescheme": "Q-26"}, {"date": "2019-07-31", "symbol": "TD", "reportedCurrency": "USD", "cik": "0000947263", "fillingDate": "2019-08-29", "acceptedDate": "2019-08-29 11:14:54", "calendarYear": "2019", "period": "Q3", "revenue": 11396530000.0, "costOfRevenue": 3998450000.0, "grossProfit": 7398080000.0, "grossProfitRatio": 0.6491519787, "researchAndDevelopmentExpenses": 0.0, "generalAndAdministrativeExpenses": 2699238000.0, "sellingAndMarketingExpenses": 149326000.0, "sellingGeneralAndAdministrativeExpenses": 2848564000.0, "otherExpenses": 1700952000.0, "operatingExpenses": 4549516000.0, "costAndExpenses": 8547966000.0, "interestIncome": 8068152000.0, "interestExpense": 3501960000.0, "depreciationAndAmortization": 261510000.0, "ebitda": 3110074000.0, "ebitdaratio": 0.2728965747, "operatingIncome": 2848564000.0, "operatingIncomeRatio": 0.2499501164, "totalOtherIncomeExpensesNet": 0.0, "incomeBeforeTax": 2848564000.0, "incomeBeforeTaxRatio": 0.2499501164, "incomeTaxExpense": 616254000.0, "netIncome": 2461984000.0, "netIncomeRatio": 0.216029265, "eps": 1.3265, "epsdiluted": 1.31892, "weightedAverageShsOut": 1383577400.0, "weightedAverageShsOutDil": 1386078800.0, "link": "https://www.sec.gov/Archives/edgar/data/947263/000119312519233413/0001193125-19-233413-index.htm", "finalLink": "https://www.sec.gov/Archives/edgar/data/947263/000119312519233413/d768021dex991.htm", "timescheme": "Q-25"}, {"date": "2019-10-31", "symbol": "TD", "reportedCurrency": "USD", "cik": "0000947263", "fillingDate": "2019-12-05", "acceptedDate": "2019-12-05 16:31:41", "calendarYear": "2019", "period": "FY", "revenue": 44680438400.0, "costOfRevenue": 16058598400.0, "grossProfit": 28621840000.0, "grossProfitRatio": 0.6405899545, "researchAndDevelopmentExpenses": 0.0, "generalAndAdministrativeExpenses": 10661445600.0, "sellingAndMarketingExpenses": 912558400.0, "sellingGeneralAndAdministrativeExpenses": 11574004000.0, "otherExpenses": 7004379200.0, "operatingExpenses": 18578383200.0, "costAndExpenses": 34636981600.0, "interestIncome": 31843884800.0, "interestExpense": 13758981600.0, "depreciationAndAmortization": 1066676000.0, "ebitda": 11110132800.0, "ebitdaratio": 0.2486576497, "operatingIncome": 10043456800.0, "operatingIncomeRatio": 0.2247842044, "totalOtherIncomeExpensesNet": 0.0, "incomeBeforeTax": 10043456800.0, "incomeBeforeTaxRatio": 0.2247842044, "incomeTaxExpense": 2076412000.0, "netIncome": 8858345600.0, "netIncomeRatio": 0.1982600421, "eps": 4.752592, "epsdiluted": 4.745, "weightedAverageShsOut": 1384932640.0, "weightedAverageShsOutDil": 1387286160.0, "link": "https://www.sec.gov/Archives/edgar/data/947263/000119312519307329/0001193125-19-307329-index.htm", "finalLink": "https://www.sec.gov/Archives/edgar/data/947263/000119312519307329/d804444d40f.htm", "timescheme": "Y-6"}, {"date": "2019-10-31", "symbol": "TD", "reportedCurrency": "USD", "cik": "0000947263", "fillingDate": "2019-12-05", "acceptedDate": "2019-12-05 16:31:41", "calendarYear": "2019", "period": "Q4", "revenue": 11097226400.0, "costOfRevenue": 3988836800.0, "grossProfit": 7108389600.0, "grossProfitRatio": 0.6405555175, "researchAndDevelopmentExpenses": 0.0, "generalAndAdministrativeExpenses": 2618480800.0, "sellingAndMarketingExpenses": 156395200.0, "sellingGeneralAndAdministrativeExpenses": 2774876000.0, "otherExpenses": 1903314400.0, "operatingExpenses": 4678190400.0, "costAndExpenses": 8667027200.0, "interestIncome": 8000449600.0, "interestExpense": 3312389600.0, "depreciationAndAmortization": 286218400.0, "ebitda": 2716417600.0, "ebitdaratio": 0.2447834713, "operatingIncome": 2430199200.0, "operatingIncomeRatio": 0.2189915851, "totalOtherIncomeExpensesNet": 0.0, "incomeBeforeTax": 2430199200.0, "incomeBeforeTaxRatio": 0.2189915851, "incomeTaxExpense": 490443200.0, "netIncome": 2168275200.0, "netIncomeRatio": 0.1953889307, "eps": 1.169168, "epsdiluted": 1.169168, "weightedAverageShsOut": 1375442640.0, "weightedAverageShsOutDil": 1377568400.0, "link": "https://www.sec.gov/Archives/edgar/data/947263/000119312519307329/0001193125-19-307329-index.htm", "finalLink": "https://www.sec.gov/Archives/edgar/data/947263/000119312519307329/d804444d40f.htm", "timescheme": "Q-24"}, {"date": "2020-01-31", "symbol": "TD", "reportedCurrency": "USD", "cik": "0000947263", "fillingDate": "2020-02-27", "acceptedDate": "2020-02-27 12:52:45", "calendarYear": "2020", "period": "Q1", "revenue": 11130965000.0, "costOfRevenue": 3879190000.0, "grossProfit": 7251775000.0, "grossProfitRatio": 0.651495625, "researchAndDevelopmentExpenses": 0.0, "generalAndAdministrativeExpenses": 2878815000.0, "sellingAndMarketingExpenses": 236315000.0, "sellingGeneralAndAdministrativeExpenses": 3115130000.0, "otherExpenses": 1537180000.0, "operatingExpenses": 4652310000.0, "costAndExpenses": 8531500000.0, "interestIncome": 7842940000.0, "interestExpense": 3185345000.0, "depreciationAndAmortization": 372215000.0, "ebitda": 2971680000.0, "ebitdaratio": 0.2669741572, "operatingIncome": 2599465000.0, "operatingIncomeRatio": 0.2335345588, "totalOtherIncomeExpensesNet": 0.0, "incomeBeforeTax": 2599465000.0, "incomeBeforeTaxRatio": 0.2335345588, "incomeTaxExpense": 497545000.0, "netIncome": 2256695000.0, "netIncomeRatio": 0.2027402835, "eps": 1.2155500000000001, "epsdiluted": 1.2155500000000001, "weightedAverageShsOut": 1367229500.0, "weightedAverageShsOutDil": 1369268000.0, "link": "https://www.sec.gov/Archives/edgar/data/947263/000119312520051981/0001193125-20-051981-index.htm", "finalLink": "https://www.sec.gov/Archives/edgar/data/947263/000119312520051981/d845597dex991.htm", "timescheme": "Q-23"}, {"date": "2020-04-30", "symbol": "TD", "reportedCurrency": "USD", "cik": "0000947263", "fillingDate": "2020-05-28", "acceptedDate": "2020-05-28 12:26:14", "calendarYear": "2020", "period": "Q2", "revenue": 9829627180.0, "costOfRevenue": 4655610860.0, "grossProfit": 5174016320.0, "grossProfitRatio": 0.5263695383, "researchAndDevelopmentExpenses": 0.0, "generalAndAdministrativeExpenses": 2579837960.0, "sellingAndMarketingExpenses": 0.0, "sellingGeneralAndAdministrativeExpenses": 2579837960.0, "otherExpenses": 1505742000.0, "operatingExpenses": 4085579960.0, "costAndExpenses": 8741190820.0, "interestIncome": 6793764500.0, "interestExpense": 2348240500.0, "depreciationAndAmortization": 364963180.0, "ebitda": 1453399540.0, "ebitdaratio": 0.1478590707, "operatingIncome": 1088436360.0, "operatingIncomeRatio": 0.1107301773, "totalOtherIncomeExpensesNet": 0.0, "incomeBeforeTax": 1088436360.0, "incomeBeforeTaxRatio": 0.1107301773, "incomeTaxExpense": 179255000.0, "netIncome": 1086285300.0, "netIncomeRatio": 0.1105113429, "eps": 0.573616, "epsdiluted": 0.573616, "weightedAverageShsOut": 1292787060.0, "weightedAverageShsOutDil": 1293790888.0, "link": "https://www.sec.gov/Archives/edgar/data/947263/000119312520154036/0001193125-20-154036-index.htm", "finalLink": "https://www.sec.gov/Archives/edgar/data/947263/000119312520154036/d902500dex991.htm", "timescheme": "Q-22"}, {"date": "2020-07-31", "symbol": "TD", "reportedCurrency": "USD", "cik": "0000947263", "fillingDate": "2020-08-27", "acceptedDate": "2020-08-27 13:24:49", "calendarYear": "2020", "period": "Q3", "revenue": 9400638000.0, "costOfRevenue": 3152416800.0, "grossProfit": 6248221200.0, "grossProfitRatio": 0.664659271, "researchAndDevelopmentExpenses": 0.0, "generalAndAdministrativeExpenses": 2872334400.0, "sellingAndMarketingExpenses": 192184200.0, "sellingGeneralAndAdministrativeExpenses": 3064518600.0, "otherExpenses": 1422014100.0, "operatingExpenses": 4486532700.0, "costAndExpenses": 7638949500.0, "interestIncome": 6067210500.0, "interestExpense": 1522575600.0, "depreciationAndAmortization": 374684700.0, "ebitda": 2136373200.0, "ebitdaratio": 0.2272583201, "operatingIncome": 1761688500.0, "operatingIncomeRatio": 0.1874009509, "totalOtherIncomeExpensesNet": 0.0, "incomeBeforeTax": 1761688500.0, "incomeBeforeTaxRatio": 0.1874009509, "incomeTaxExpense": 331480500.0, "netIncome": 1674535200.0, "netIncomeRatio": 0.1781299525, "eps": 0.9013289999999999, "epsdiluted": 0.9013289999999999, "weightedAverageShsOut": 1342533270.0, "weightedAverageShsOutDil": 1343427150.0, "link": "https://www.sec.gov/Archives/edgar/data/947263/000119312520232739/0001193125-20-232739-index.htm", "finalLink": "https://www.sec.gov/Archives/edgar/data/947263/000119312520232739/d943650dex991.htm", "timescheme": "Q-21"}, {"date": "2020-10-31", "symbol": "TD", "reportedCurrency": "USD", "cik": "0000947263", "fillingDate": "2020-12-03", "acceptedDate": "2020-12-03 15:13:24", "calendarYear": "2020", "period": "FY", "revenue": 40965000000.0, "costOfRevenue": 13933500000.0, "grossProfit": 27031500000.0, "grossProfitRatio": 0.6598681802, "researchAndDevelopmentExpenses": 0.0, "generalAndAdministrativeExpenses": 11084250000.0, "sellingAndMarketingExpenses": 890250000.0, "sellingGeneralAndAdministrativeExpenses": 11974500000.0, "otherExpenses": 6121500000.0, "operatingExpenses": 18096000000.0, "costAndExpenses": 32029500000.0, "interestIncome": 26874750000.0, "interestExpense": 8502000000.0, "depreciationAndAmortization": 1605750000.0, "ebitda": 10541250000.0, "ebitdaratio": 0.2573233248, "operatingIncome": 8935500000.0, "operatingIncomeRatio": 0.2181252289, "totalOtherIncomeExpensesNet": 0.0, "incomeBeforeTax": 8935500000.0, "incomeBeforeTaxRatio": 0.2181252289, "incomeTaxExpense": 864000000.0, "netIncome": 8921250000.0, "netIncomeRatio": 0.2177773709, "eps": 4.8225, "epsdiluted": 4.8225, "weightedAverageShsOut": 1355475000.0, "weightedAverageShsOutDil": 1356600000.0, "link": "https://www.sec.gov/Archives/edgar/data/947263/000119312520309443/0001193125-20-309443-index.htm", "finalLink": "https://www.sec.gov/Archives/edgar/data/947263/000119312520309443/d15668d40f.htm", "timescheme": "Y-5"}, {"date": "2020-10-31", "symbol": "TD", "reportedCurrency": "USD", "cik": "0000947263", "fillingDate": "2020-12-03", "acceptedDate": "2020-12-03 15:13:24", "calendarYear": "2020", "period": "Q4", "revenue": 9318750000.0, "costOfRevenue": 1735500000.0, "grossProfit": 7583250000.0, "grossProfitRatio": 0.8137625755, "researchAndDevelopmentExpenses": 0.0, "generalAndAdministrativeExpenses": 2633250000.0, "sellingAndMarketingExpenses": 168000000.0, "sellingGeneralAndAdministrativeExpenses": 2801250000.0, "otherExpenses": 1341000000.0, "operatingExpenses": 4142250000.0, "costAndExpenses": 5877750000.0, "interestIncome": 5823000000.0, "interestExpense": 1047750000.0, "depreciationAndAmortization": 477000000.0, "ebitda": 3918000000.0, "ebitdaratio": 0.4204426559, "operatingIncome": 3441000000.0, "operatingIncomeRatio": 0.3692555332, "totalOtherIncomeExpensesNet": 0.0, "incomeBeforeTax": 3441000000.0, "incomeBeforeTaxRatio": 0.3692555332, "incomeTaxExpense": -151500000.0, "netIncome": 3857250000.0, "netIncomeRatio": 0.4139235412, "eps": 2.0999999999999996, "epsdiluted": 2.0999999999999996, "weightedAverageShsOut": 1359525000.0, "weightedAverageShsOutDil": 1360425000.0, "link": "https://www.sec.gov/Archives/edgar/data/947263/000119312520309443/0001193125-20-309443-index.htm", "finalLink": "https://www.sec.gov/Archives/edgar/data/947263/000119312520309443/d15668d40f.htm", "timescheme": "Q-20"}, {"date": "2021-01-31", "symbol": "TD", "reportedCurrency": "USD", "cik": "0000947263", "fillingDate": "2021-02-25", "acceptedDate": "2021-02-25 10:16:37", "calendarYear": "2021", "period": "Q1", "revenue": 9617596200.0, "costOfRevenue": 1480893900.0, "grossProfit": 8136702300.0, "grossProfitRatio": 0.84602245, "researchAndDevelopmentExpenses": 0.0, "generalAndAdministrativeExpenses": 3079132800.0, "sellingAndMarketingExpenses": 208874100.0, "sellingGeneralAndAdministrativeExpenses": 3288006900.0, "otherExpenses": 1770344900.0, "operatingExpenses": 5058351800.0, "costAndExpenses": 6539245700.0, "interestIncome": 5953303000.0, "interestExpense": 1236034000.0, "depreciationAndAmortization": 452951700.0, "ebitda": 3531302200.0, "ebitdaratio": 0.3671709777, "operatingIncome": 3078350500.0, "operatingIncomeRatio": 0.3200748333, "totalOtherIncomeExpensesNet": 0.0, "incomeBeforeTax": 3078350500.0, "incomeBeforeTaxRatio": 0.3200748333, "incomeTaxExpense": 646962100.0, "netIncome": 2563597100.0, "netIncomeRatio": 0.26655279, "eps": 1.384671, "epsdiluted": 1.384671, "weightedAverageShsOut": 1419248660.0, "weightedAverageShsOutDil": 1420500340.0, "link": "https://www.sec.gov/Archives/edgar/data/947263/000119312521056023/0001193125-21-056023-index.htm", "finalLink": "https://www.sec.gov/Archives/edgar/data/947263/000119312521056023/d19856dex991.htm", "timescheme": "Q-19"}, {"date": "2021-04-30", "symbol": "TD", "reportedCurrency": "USD", "cik": "0000947263", "fillingDate": "2021-05-27", "acceptedDate": "2021-05-27 09:21:49", "calendarYear": "2021", "period": "Q2", "revenue": 9359594100.0, "costOfRevenue": 824483400.0, "grossProfit": 8535110700.0, "grossProfitRatio": 0.9119103466, "researchAndDevelopmentExpenses": 0.0, "generalAndAdministrativeExpenses": 2899514600.0, "sellingAndMarketingExpenses": 221163200.0, "sellingGeneralAndAdministrativeExpenses": 3120677800.0, "otherExpenses": 1808334400.0, "operatingExpenses": 4929012200.0, "costAndExpenses": 5753495600.0, "interestIncome": 5875460600.0, "interestExpense": 1131022100.0, "depreciationAndAmortization": 441513300.0, "ebitda": 4047611800.0, "ebitdaratio": 0.4324559117, "operatingIncome": 3606098500.0, "operatingIncomeRatio": 0.3852836417, "totalOtherIncomeExpensesNet": 0.0, "incomeBeforeTax": 3606098500.0, "incomeBeforeTaxRatio": 0.3852836417, "incomeTaxExpense": 782202200.0, "netIncome": 3004404500.0, "netIncomeRatio": 0.3209973069, "eps": 1.6262, "epsdiluted": 1.618069, "weightedAverageShsOut": 1477727940.0, "weightedAverageShsOutDil": 1479760690.0, "link": "https://www.sec.gov/Archives/edgar/data/947263/000119312521174456/0001193125-21-174456-index.htm", "finalLink": "https://www.sec.gov/Archives/edgar/data/947263/000119312521174456/d97632dex991.htm", "timescheme": "Q-18"}, {"date": "2021-07-31", "symbol": "TD", "reportedCurrency": "USD", "cik": "0000947263", "fillingDate": "2021-08-26", "acceptedDate": "2021-08-26 08:44:14", "calendarYear": "2021", "period": "Q3", "revenue": 9543048000.0, "costOfRevenue": 1014024000.0, "grossProfit": 8529024000.0, "grossProfitRatio": 0.8937421252, "researchAndDevelopmentExpenses": 0.0, "generalAndAdministrativeExpenses": 3111811200.0, "sellingAndMarketingExpenses": 229257600.0, "sellingGeneralAndAdministrativeExpenses": 3341068800.0, "otherExpenses": 1743480000.0, "operatingExpenses": 5084548800.0, "costAndExpenses": 6098572800.0, "interestIncome": 5856489600.0, "interestExpense": 1043683200.0, "depreciationAndAmortization": 375950400.0, "ebitda": 3820425600.0, "ebitdaratio": 0.4003359933, "operatingIncome": 3444475200.0, "operatingIncomeRatio": 0.3609407812, "totalOtherIncomeExpensesNet": 0.0, "incomeBeforeTax": 3444475200.0, "incomeBeforeTaxRatio": 0.3609407812, "incomeTaxExpense": 739075200.0, "netIncome": 2841672000.0, "netIncomeRatio": 0.2977740445, "eps": 1.539072, "epsdiluted": 1.539072, "weightedAverageShsOut": 1457950080.0, "weightedAverageShsOutDil": 1460354880.0, "link": "https://www.sec.gov/Archives/edgar/data/947263/000119312521257009/0001193125-21-257009-index.htm", "finalLink": "https://www.sec.gov/Archives/edgar/data/947263/000119312521257009/d150484dex991.htm", "timescheme": "Q-17"}, {"date": "2021-10-31", "symbol": "TD", "reportedCurrency": "USD", "cik": "0000947263", "fillingDate": "2021-12-02", "acceptedDate": "2021-12-02 16:50:20", "calendarYear": "2021", "period": "FY", "revenue": 38511583600.0, "costOfRevenue": 4217904600.0, "grossProfit": 34293679000.0, "grossProfitRatio": 0.8904769889, "researchAndDevelopmentExpenses": 0.0, "generalAndAdministrativeExpenses": 12175103500.0, "sellingAndMarketingExpenses": 970941300.0, "sellingGeneralAndAdministrativeExpenses": 13146044800.0, "otherExpenses": 7318782800.0, "operatingExpenses": 20464827600.0, "costAndExpenses": 24682732200.0, "interestIncome": 23874825100.0, "interestExpense": 4398695000.0, "depreciationAndAmortization": 1667468600.0, "ebitda": 15496320000.0, "ebitdaratio": 0.4023807528, "operatingIncome": 13828851400.0, "operatingIncomeRatio": 0.3590829072, "totalOtherIncomeExpensesNet": 0.0, "incomeBeforeTax": 13828851400.0, "incomeBeforeTaxRatio": 0.3590829072, "incomeTaxExpense": 2922509100.0, "netIncome": 11539915800.0, "netIncomeRatio": 0.2996479168, "eps": 6.238883, "epsdiluted": 6.230812, "weightedAverageShsOut": 1467065670.0, "weightedAverageShsOutDil": 1469083420.0, "link": "https://www.sec.gov/Archives/edgar/data/947263/000119312521346760/0001193125-21-346760-index.htm", "finalLink": "https://www.sec.gov/Archives/edgar/data/947263/000119312521346760/d206742d40f.htm", "timescheme": "Y-4"}, {"date": "2021-10-31", "symbol": "TD", "reportedCurrency": "USD", "cik": "0000947263", "fillingDate": "2021-12-02", "acceptedDate": "2021-12-02 16:50:20", "calendarYear": "2021", "period": "Q4", "revenue": 9690042600.0, "costOfRevenue": 850683400.0, "grossProfit": 8839359200.0, "grossProfitRatio": 0.9122105614, "researchAndDevelopmentExpenses": 0.0, "generalAndAdministrativeExpenses": 2987077100.0, "sellingAndMarketingExpenses": 305083800.0, "sellingGeneralAndAdministrativeExpenses": 3292160900.0, "otherExpenses": 1941882600.0, "operatingExpenses": 5234043500.0, "costAndExpenses": 6084726900.0, "interestIncome": 6004016900.0, "interestExpense": 949956700.0, "depreciationAndAmortization": 383372500.0, "ebitda": 3988688200.0, "ebitdaratio": 0.4116275196, "operatingIncome": 3605315700.0, "operatingIncomeRatio": 0.372063968, "totalOtherIncomeExpensesNet": 0.0, "incomeBeforeTax": 3605315700.0, "incomeBeforeTaxRatio": 0.372063968, "incomeTaxExpense": 734461000.0, "netIncome": 3051645100.0, "netIncomeRatio": 0.3149258704, "eps": 1.646484, "epsdiluted": 1.646484, "weightedAverageShsOut": 1496081722.1000001, "weightedAverageShsOutDil": 1471504720.0, "link": "https://www.sec.gov/Archives/edgar/data/947263/000119312521346760/0001193125-21-346760-index.htm", "finalLink": "https://www.sec.gov/Archives/edgar/data/947263/000119312521346760/d206742d40f.htm", "timescheme": "Q-16"}, {"date": "2022-01-31", "symbol": "TD", "reportedCurrency": "USD", "cik": "0000947263", "fillingDate": "2022-03-03", "acceptedDate": "2022-03-03 11:34:03", "calendarYear": "2022", "period": "Q1", "revenue": 9744400800.0, "costOfRevenue": 1016287200.0, "grossProfit": 8728113600.0, "grossProfitRatio": 0.8957055215, "researchAndDevelopmentExpenses": 0.0, "generalAndAdministrativeExpenses": 3173144400.0, "sellingAndMarketingExpenses": 225754200.0, "sellingGeneralAndAdministrativeExpenses": 3398898600.0, "otherExpenses": 1800527400.0, "operatingExpenses": 5199426000.0, "costAndExpenses": 6215713200.0, "interestIncome": 5916805200.0, "interestExpense": 959652000.0, "depreciationAndAmortization": 342171000.0, "ebitda": 3870858600.0, "ebitdaratio": 0.3972392638, "operatingIncome": 3528687600.0, "operatingIncomeRatio": 0.3621246367, "totalOtherIncomeExpensesNet": 0.0, "incomeBeforeTax": 3528687600.0, "incomeBeforeTaxRatio": 0.3621246367, "incomeTaxExpense": 774014400.0, "netIncome": 2936377800.0, "netIncomeRatio": 0.3013400065, "eps": 1.5967979999999997, "epsdiluted": 1.588932, "weightedAverageShsOut": 1432005300.0, "weightedAverageShsOutDil": 1434837060.0, "link": "https://www.sec.gov/Archives/edgar/data/947263/000119312522063941/0001193125-22-063941-index.htm", "finalLink": "https://www.sec.gov/Archives/edgar/data/947263/000119312522063941/d287758dex991.htm", "timescheme": "Q-15"}, {"date": "2022-04-30", "symbol": "TD", "reportedCurrency": "USD", "cik": "0000947263", "fillingDate": "2022-05-26", "acceptedDate": "2022-05-26 10:00:35", "calendarYear": "2022", "period": "Q2", "revenue": 9788538900.0, "costOfRevenue": 1305086700.0, "grossProfit": 8483452200.0, "grossProfitRatio": 0.8666719606, "researchAndDevelopmentExpenses": 0.0, "generalAndAdministrativeExpenses": 3011260200.0, "sellingAndMarketingExpenses": 261172800.0, "sellingGeneralAndAdministrativeExpenses": 3272433000.0, "otherExpenses": 1626888900.0, "operatingExpenses": 4899321900.0, "costAndExpenses": 6204408600.0, "interestIncome": 6240941700.0, "interestExpense": 1284099600.0, "depreciationAndAmortization": 340457400.0, "ebitda": 3924587700.0, "ebitdaratio": 0.4009370285, "operatingIncome": 3584130300.0, "operatingIncomeRatio": 0.3661558008, "totalOtherIncomeExpensesNet": 0.0, "incomeBeforeTax": 3584130300.0, "incomeBeforeTaxRatio": 0.3661558008, "incomeTaxExpense": 778854600.0, "netIncome": 2962290300.0, "netIncomeRatio": 0.3026284444, "eps": 1.616784, "epsdiluted": 1.6090109999999997, "weightedAverageShsOut": 1402793310.0, "weightedAverageShsOutDil": 1405591590.0, "link": "https://www.sec.gov/Archives/edgar/data/947263/000119312522160481/0001193125-22-160481-index.htm", "finalLink": "https://www.sec.gov/Archives/edgar/data/947263/000119312522160481/d293128dex991.htm", "timescheme": "Q-14"}, {"date": "2022-07-31", "symbol": "TD", "reportedCurrency": "USD", "cik": "0000947263", "fillingDate": "2022-08-25", "acceptedDate": "2022-08-25 11:05:42", "calendarYear": "2022", "period": "Q3", "revenue": 11892552300.0, "costOfRevenue": 3190646700.0, "grossProfit": 8701905600.0, "grossProfitRatio": 0.7317105177, "researchAndDevelopmentExpenses": 0.0, "generalAndAdministrativeExpenses": 3242926800.0, "sellingAndMarketingExpenses": 256718700.0, "sellingGeneralAndAdministrativeExpenses": 3499645500.0, "otherExpenses": 2354945400.0, "operatingExpenses": 5854590900.0, "costAndExpenses": 9045237600.0, "interestIncome": 8413194600.0, "interestExpense": 2916761400.0, "depreciationAndAmortization": 335529000.0, "ebitda": 3182843700.0, "ebitdaratio": 0.2676333574, "operatingIncome": 2847314700.0, "operatingIncomeRatio": 0.2394199856, "totalOtherIncomeExpensesNet": 0.0, "incomeBeforeTax": 2847314700.0, "incomeBeforeTaxRatio": 0.2394199856, "incomeTaxExpense": 548550900.0, "netIncome": 2507884200.0, "netIncomeRatio": 0.2108785513, "eps": 1.373328, "epsdiluted": 1.3655249999999999, "weightedAverageShsOut": 1408051350.0, "weightedAverageShsOutDil": 1410080130.0, "link": "https://www.sec.gov/Archives/edgar/data/947263/000119312522229594/0001193125-22-229594-index.htm", "finalLink": "https://www.sec.gov/Archives/edgar/data/947263/000119312522229594/d371910dex991.htm", "timescheme": "Q-13"}, {"date": "2022-10-31", "symbol": "TD", "reportedCurrency": "USD", "cik": "0000947263", "fillingDate": "2022-12-01", "acceptedDate": "2022-12-01 15:24:17", "calendarYear": "2022", "period": "Q4", "revenue": 13938531000.0, "costOfRevenue": 5639986800.0, "grossProfit": 8298544200.0, "grossProfitRatio": 0.5953672019, "researchAndDevelopmentExpenses": 0.0, "generalAndAdministrativeExpenses": 3103974000.0, "sellingAndMarketingExpenses": 295721400.0, "sellingGeneralAndAdministrativeExpenses": 3399695400.0, "otherExpenses": -735267600.0, "operatingExpenses": 2664427800.0, "costAndExpenses": 8304414600.0, "interestIncome": 10786126200.0, "interestExpense": 5187232200.0, "depreciationAndAmortization": 339749400.0, "ebitda": 5973865800.0, "ebitdaratio": 0.4285864701, "operatingIncome": 5634116400.0, "operatingIncomeRatio": 0.4042116346, "totalOtherIncomeExpensesNet": 0.0, "incomeBeforeTax": 5634116400.0, "incomeBeforeTaxRatio": 0.4042116346, "incomeTaxExpense": 951738600.0, "netIncome": 4895179800.0, "netIncomeRatio": 0.3511976836, "eps": 2.656356, "epsdiluted": 2.656356, "weightedAverageShsOut": 1352494664.4, "weightedAverageShsOutDil": 1331406720.0, "link": "https://www.sec.gov/Archives/edgar/data/947263/000119312522296446/0001193125-22-296446-index.htm", "finalLink": "https://www.sec.gov/Archives/edgar/data/947263/000119312522296446/d404924d40f.htm", "timescheme": "Q-12"}, {"date": "2022-10-31", "symbol": "TD", "reportedCurrency": "USD", "cik": "0000947263", "fillingDate": "2022-12-01", "acceptedDate": "2022-12-01 15:24:17", "calendarYear": "2022", "period": "FY", "revenue": 43617805800.0, "costOfRevenue": 10820614800.0, "grossProfit": 32797191000.0, "grossProfitRatio": 0.751922074, "researchAndDevelopmentExpenses": 0.0, "generalAndAdministrativeExpenses": 11956537200.0, "sellingAndMarketingExpenses": 994299000.0, "sellingGeneralAndAdministrativeExpenses": 12950836200.0, "otherExpenses": 4859223600.0, "operatingExpenses": 17810059800.0, "costAndExpenses": 28630674600.0, "interestIncome": 30109281600.0, "interestExpense": 10037650200.0, "depreciationAndAmortization": 1295890800.0, "ebitda": 16283022000.0, "ebitdaratio": 0.3733113508, "operatingIncome": 14987131200.0, "operatingIncomeRatio": 0.343601218, "totalOtherIncomeExpensesNet": 0.0, "incomeBeforeTax": 14987131200.0, "incomeBeforeTaxRatio": 0.343601218, "incomeTaxExpense": 2924926800.0, "netIncome": 12789400200.0, "netIncomeRatio": 0.2932151209, "eps": 6.956424, "epsdiluted": 6.949086, "weightedAverageShsOut": 1328544900.0, "weightedAverageShsOutDil": 1330819680.0, "link": "https://www.sec.gov/Archives/edgar/data/947263/000119312522296446/0001193125-22-296446-index.htm", "finalLink": "https://www.sec.gov/Archives/edgar/data/947263/000119312522296446/d404924d40f.htm", "timescheme": "Y-3"}, {"date": "2023-01-31", "symbol": "TD", "reportedCurrency": "USD", "cik": "0000947263", "fillingDate": "2023-03-02", "acceptedDate": "2023-03-02 16:00:37", "calendarYear": "2023", "period": "Q1", "revenue": 17506638800.0, "costOfRevenue": 8271864300.0, "grossProfit": 9234774500.0, "grossProfitRatio": 0.5275012871, "researchAndDevelopmentExpenses": 0.0, "generalAndAdministrativeExpenses": 3696914200.0, "sellingAndMarketingExpenses": 235094300.0, "sellingGeneralAndAdministrativeExpenses": 3932008500.0, "otherExpenses": 3624057500.0, "operatingExpenses": 7556066000.0, "costAndExpenses": 15827930300.0, "interestIncome": 13561861600.0, "interestExpense": 7753605300.0, "depreciationAndAmortization": 323724100.0, "ebitda": 2002432600.0, "ebitdaratio": 0.1143813283, "operatingIncome": 1678708500.0, "operatingIncomeRatio": 0.0958898232, "totalOtherIncomeExpensesNet": 0.0, "incomeBeforeTax": 1678708500.0, "incomeBeforeTaxRatio": 0.0958898232, "incomeTaxExpense": 705282900.0, "netIncome": 1187489100.0, "netIncomeRatio": 0.0678307877, "eps": 0.615902, "epsdiluted": 0.615902, "weightedAverageShsOut": 1367527770.0, "weightedAverageShsOutDil": 1369180190.0, "link": "https://www.sec.gov/Archives/edgar/data/947263/000119312523058095/0001193125-23-058095-index.htm", "finalLink": "https://www.sec.gov/Archives/edgar/data/947263/000119312523058095/d433590dex991.htm", "timescheme": "Q-11"}, {"date": "2023-04-30", "symbol": "TD", "reportedCurrency": "USD", "cik": "0000947263", "fillingDate": "2023-05-25", "acceptedDate": "2023-05-25 13:58:10", "calendarYear": "2023", "period": "Q2", "revenue": 17950255890.0, "costOfRevenue": 9203387290.0, "grossProfit": 8746868600.0, "grossProfitRatio": 0.4872837832, "researchAndDevelopmentExpenses": 0.0, "generalAndAdministrativeExpenses": 3688287510.0, "sellingAndMarketingExpenses": 284678860.0, "sellingGeneralAndAdministrativeExpenses": 3972966370.0, "otherExpenses": 1879912990.0, "operatingExpenses": 5852879360.0, "costAndExpenses": 15056266650.0, "interestIncome": 14239105570.0, "interestExpense": 8760881290.0, "depreciationAndAmortization": 353267290.0, "ebitda": 3247256530.0, "ebitdaratio": 0.1809030774, "operatingIncome": 2893989240.0, "operatingIncomeRatio": 0.161222729, "totalOtherIncomeExpensesNet": 0.0, "incomeBeforeTax": 2893989240.0, "incomeBeforeTaxRatio": 0.161222729, "incomeTaxExpense": 633521090.0, "netIncome": 2438208060.0, "netIncomeRatio": 0.1358313817, "eps": 1.2463918999999999, "epsdiluted": 1.2463918999999999, "weightedAverageShsOut": 1348389533.0, "weightedAverageShsOutDil": 1349864553.0, "link": "https://www.sec.gov/Archives/edgar/data/947263/000119312523154057/0001193125-23-154057-index.htm", "finalLink": "https://www.sec.gov/Archives/edgar/data/947263/000119312523154057/d473117dex991.htm", "timescheme": "Q-10"}, {"date": "2023-07-31", "symbol": "TD", "reportedCurrency": "USD", "cik": "0000947263", "fillingDate": "2023-08-24", "acceptedDate": "2023-08-24 13:48:17", "calendarYear": "2023", "period": "Q3", "revenue": 20169234800.0, "costOfRevenue": 10922854800.0, "grossProfit": 9246380000.0, "grossProfitRatio": 0.4584398016, "researchAndDevelopmentExpenses": 0.0, "generalAndAdministrativeExpenses": 4085838900.0, "sellingAndMarketingExpenses": 253896500.0, "sellingGeneralAndAdministrativeExpenses": 4339735400.0, "otherExpenses": 2327510900.0, "operatingExpenses": 6667246300.0, "costAndExpenses": 17590101100.0, "interestIncome": 15866636500.0, "interestExpense": 10342303400.0, "depreciationAndAmortization": 375918400.0, "ebitda": 2955052100.0, "ebitdaratio": 0.1465128513, "operatingIncome": 2579133700.0, "operatingIncomeRatio": 0.127874643, "totalOtherIncomeExpensesNet": 0.0, "incomeBeforeTax": 2579133700.0, "incomeBeforeTaxRatio": 0.127874643, "incomeTaxExpense": 533561600.0, "netIncome": 2183509900.0, "netIncomeRatio": 0.1082594318, "eps": 1.1595870000000001, "epsdiluted": 1.1595870000000001, "weightedAverageShsOut": 1390594920.0, "weightedAverageShsOutDil": 1391731770.0, "link": "https://www.sec.gov/Archives/edgar/data/947263/000119312523219877/0001193125-23-219877-index.htm", "finalLink": "https://www.sec.gov/Archives/edgar/data/947263/000119312523219877/d504110dex991.htm", "timescheme": "Q-9"}, {"date": "2023-10-31", "symbol": "TD", "reportedCurrency": "USD", "cik": "0000947263", "fillingDate": "2023-11-30", "acceptedDate": "2023-11-30 17:17:35", "calendarYear": "2023", "period": "Q4", "revenue": 20130608280.0, "costOfRevenue": 11355395200.0, "grossProfit": 8775213080.0, "grossProfitRatio": 0.4359139554, "researchAndDevelopmentExpenses": 0.0, "generalAndAdministrativeExpenses": 3681136680.0000005, "sellingAndMarketingExpenses": 301177360.0, "sellingGeneralAndAdministrativeExpenses": 3982314040.0000005, "otherExpenses": 2373392880.0, "operatingExpenses": 6355706920.0, "costAndExpenses": 17711102120.0, "interestIncome": 16122355520.000002, "interestExpense": 10722778640.0, "depreciationAndAmortization": 363862600.0, "ebitda": 2783368760.0, "ebitdaratio": 0.138265507, "operatingIncome": 2419506160.0, "operatingIncomeRatio": 0.1201904148, "totalOtherIncomeExpensesNet": 0.0, "incomeBeforeTax": 2419506160.0, "incomeBeforeTaxRatio": 0.1201904148, "incomeTaxExpense": 452486560.00000006, "netIncome": 2079420720.0000002, "netIncomeRatio": 0.1032964673, "eps": 1.0735748, "epsdiluted": 1.0735748, "weightedAverageShsOut": 1396304354.24, "weightedAverageShsOutDil": 1302556056.0, "link": "https://www.sec.gov/Archives/edgar/data/947263/000119312523286395/0001193125-23-286395-index.htm", "finalLink": "https://www.sec.gov/Archives/edgar/data/947263/000119312523286395/d553441d40f.htm", "timescheme": "Q-8"}, {"date": "2023-10-31", "symbol": "TD", "reportedCurrency": "USD", "cik": "0000947263", "fillingDate": "2023-11-30", "acceptedDate": "2023-11-30 17:17:35", "calendarYear": "2023", "period": "FY", "revenue": 73676052080.0, "costOfRevenue": 38665264760.0, "grossProfit": 35010787320.0, "grossProfitRatio": 0.4751990142, "researchAndDevelopmentExpenses": 0.0, "generalAndAdministrativeExpenses": 14963038840.000002, "sellingAndMarketingExpenses": 1046195040.0000001, "sellingGeneralAndAdministrativeExpenses": 16009233880.000002, "otherExpenses": 9715491680.0, "operatingExpenses": 25724725560.0, "costAndExpenses": 64389990320.00001, "interestIncome": 58127230480.00001, "interestExpense": 36551979600.0, "depreciationAndAmortization": 1376913720.0, "ebitda": 10662975480.0, "ebitdaratio": 0.1447278346, "operatingIncome": 9286061760.0, "operatingIncomeRatio": 0.1260390792, "totalOtherIncomeExpensesNet": 0.0, "incomeBeforeTax": 9286061760.0, "incomeBeforeTaxRatio": 0.1260390792, "incomeTaxExpense": 2246581360.0, "netIncome": 7662009680.000001, "netIncomeRatio": 0.1039959317, "eps": 3.9844756000000006, "epsdiluted": 3.9772704, "weightedAverageShsOut": 1313147700.0, "weightedAverageShsOutDil": 1314516688.0, "link": "https://www.sec.gov/Archives/edgar/data/947263/000119312523286395/0001193125-23-286395-index.htm", "finalLink": "https://www.sec.gov/Archives/edgar/data/947263/000119312523286395/d553441d40f.htm", "timescheme": "Y-2"}, {"date": "2024-01-31", "symbol": "TD", "reportedCurrency": "USD", "cik": "0000947263", "fillingDate": "2024-03-01", "acceptedDate": "2024-03-01 06:18:23", "calendarYear": "2024", "period": "Q1", "revenue": 21547807400.0, "costOfRevenue": 12144911400.0, "grossProfit": 9402896000.0, "grossProfitRatio": 0.4363736795, "researchAndDevelopmentExpenses": 0.0, "generalAndAdministrativeExpenses": 4225352000.0, "sellingAndMarketingExpenses": 241767500.0, "sellingGeneralAndAdministrativeExpenses": 4467119500.0, "otherExpenses": 2468260200.0, "operatingExpenses": 6935379700.0, "costAndExpenses": 19080291100.0, "interestIncome": 16970590700.0, "interestExpense": 11400267500.0, "depreciationAndAmortization": 371206100.0, "ebitda": 2838722400.0, "ebitdaratio": 0.1317406615, "operatingIncome": 2467516300.0, "operatingIncomeRatio": 0.1145135676, "totalOtherIncomeExpensesNet": 0.0, "incomeBeforeTax": 2467516300.0, "incomeBeforeTaxRatio": 0.1145135676, "incomeTaxExpense": 471632600.0, "netIncome": 2100773600.0, "netIncomeRatio": 0.0974936132, "eps": 1.153045, "epsdiluted": 1.153045, "weightedAverageShsOut": 1321687130.0, "weightedAverageShsOutDil": 1322802980.0, "link": "https://www.sec.gov/Archives/edgar/data/947263/000094726324000006/0000947263-24-000006-index.htm", "finalLink": "https://www.sec.gov/Archives/edgar/data/947263/000094726324000006/ex991.htm", "timescheme": "Q-7"}, {"date": "2024-04-30", "symbol": "TD", "reportedCurrency": "USD", "cik": "0000947263", "fillingDate": "2024-05-23", "acceptedDate": "2024-05-23 11:20:21", "calendarYear": "2024", "period": "Q2", "revenue": 21259267800.0, "costOfRevenue": 12050789460.0, "grossProfit": 9208478340.0, "grossProfitRatio": 0.4331512462, "researchAndDevelopmentExpenses": 0.0, "generalAndAdministrativeExpenses": 3990558360.0, "sellingAndMarketingExpenses": 285973080.0, "sellingGeneralAndAdministrativeExpenses": 4276531440.0, "otherExpenses": 2682630720.0, "operatingExpenses": 6959162160.0, "costAndExpenses": 19009951620.0, "interestIncome": 16690956720.0, "interestExpense": 11272710420.0, "depreciationAndAmortization": 357103440.0, "ebitda": 2606419620.0, "ebitdaratio": 0.1226015705, "operatingIncome": 2249316180.0, "operatingIncomeRatio": 0.1058040287, "totalOtherIncomeExpensesNet": 0.0, "incomeBeforeTax": 2249316180.0, "incomeBeforeTaxRatio": 0.1058040287, "incomeTaxExpense": 529122780.0, "netIncome": 1861002480.0, "netIncomeRatio": 0.087538409, "eps": 0.9798570000000001, "epsdiluted": 0.9798570000000001, "weightedAverageShsOut": 1279475496.0, "weightedAverageShsOutDil": 1280419062.0, "link": "https://www.sec.gov/Archives/edgar/data/947263/000156276224000148/0001562762-24-000148-index.htm", "finalLink": "https://www.sec.gov/Archives/edgar/data/947263/000156276224000148/ex991.htm", "timescheme": "Q-6"}, {"date": "2024-07-31", "symbol": "TD", "reportedCurrency": "USD", "cik": "0000947263", "fillingDate": "2024-08-22", "acceptedDate": "2024-08-22 14:46:39", "calendarYear": "2024", "period": "Q3", "revenue": 21971621200.0, "costOfRevenue": 12526865640.0, "grossProfit": 9444755560.0, "grossProfitRatio": 0.4298615689, "researchAndDevelopmentExpenses": 0.0, "generalAndAdministrativeExpenses": 4169828440.0000005, "sellingAndMarketingExpenses": 265049880.00000003, "sellingGeneralAndAdministrativeExpenses": 4434878320.0, "otherExpenses": 4703549100.0, "operatingExpenses": 9138427420.0, "costAndExpenses": 21665293060.0, "interestIncome": 17239829080.0, "interestExpense": 11751268860.0, "depreciationAndAmortization": 356296560.0, "ebitda": 662624700.0, "ebitdaratio": 0.030158207, "operatingIncome": 306328140.0, "operatingIncomeRatio": 0.0139419908, "totalOtherIncomeExpensesNet": 0.0, "incomeBeforeTax": 306328140.0, "incomeBeforeTaxRatio": 0.0139419908, "incomeTaxExpense": 574998920.0, "netIncome": -131076580.00000001, "netIncomeRatio": -0.0059657218, "eps": -0.10138520000000002, "epsdiluted": -0.10138520000000002, "weightedAverageShsOut": 1265721804.0, "weightedAverageShsOutDil": 1265721804.0, "link": "https://www.sec.gov/Archives/edgar/data/947263/000156276224000211/0001562762-24-000211-index.htm", "finalLink": "https://www.sec.gov/Archives/edgar/data/947263/000156276224000211/ex991.htm", "timescheme": "Q-5"}, {"date": "2024-10-31", "symbol": "TD", "reportedCurrency": "USD", "cik": "0000947263", "fillingDate": "2024-12-06", "acceptedDate": "2024-12-05 18:22:17", "calendarYear": "2024", "period": "FY", "revenue": 85494710200.0, "costOfRevenue": 48187758000.0, "grossProfit": 37306952200.0, "grossProfitRatio": 0.4363656197, "researchAndDevelopmentExpenses": 0.0, "generalAndAdministrativeExpenses": 16772812000.0, "sellingAndMarketingExpenses": 1087578400.0, "sellingGeneralAndAdministrativeExpenses": 17860390400.0, "otherExpenses": 11677119800.0, "operatingExpenses": 29537510200.0, "costAndExpenses": 77725268200.0, "interestIncome": 66997268600.0, "interestExpense": 45136655800.0, "depreciationAndAmortization": 1454169800.0, "ebitda": 9223611800.0, "ebitdaratio": 0.1078851753, "operatingIncome": 7769442000.0, "operatingIncomeRatio": 0.0908762891, "totalOtherIncomeExpensesNet": 0.0, "incomeBeforeTax": 7769442000.0, "incomeBeforeTaxRatio": 0.0908762891, "incomeTaxExpense": 1930523400.0, "netIncome": 6343250800.0, "netIncomeRatio": 0.0741946582, "eps": 3.3933020000000003, "epsdiluted": 3.386128, "weightedAverageShsOut": 1261763120.0, "weightedAverageShsOutDil": 1262624000.0, "link": "https://www.sec.gov/Archives/edgar/data/947263/000156276224000281/0001562762-24-000281-index.htm", "finalLink": "https://www.sec.gov/Archives/edgar/data/947263/000156276224000281/40f20241031.htm", "timescheme": "Y-1"}, {"date": "2024-10-31", "symbol": "TD", "reportedCurrency": "USD", "cik": "0000947263", "fillingDate": "2024-12-06", "acceptedDate": "2024-12-05 18:22:17", "calendarYear": "2024", "period": "Q4", "revenue": 21935939800.0, "costOfRevenue": 12154908200.0, "grossProfit": 9781031600.0, "grossProfitRatio": 0.4458907022, "researchAndDevelopmentExpenses": 0.0, "generalAndAdministrativeExpenses": 4622925600.0, "sellingAndMarketingExpenses": 309199400.0, "sellingGeneralAndAdministrativeExpenses": 4932125000.0, "otherExpenses": 1985763200.0, "operatingExpenses": 6917888200.0, "costAndExpenses": 19072796400.0, "interestIncome": 17055467600.0, "interestExpense": 11359311600.0, "depreciationAndAmortization": 390265600.0, "ebitda": 3253409000.0, "ebitdaratio": 0.1483140923, "operatingIncome": 2863143400.0, "operatingIncomeRatio": 0.1305229421, "totalOtherIncomeExpensesNet": 0.0, "incomeBeforeTax": 2863143400.0, "incomeBeforeTaxRatio": 0.1305229421, "incomeTaxExpense": 383091600.0, "netIncome": 2607749000.0, "netIncomeRatio": 0.1188802041, "eps": 1.635672, "epsdiluted": 1.406104, "weightedAverageShsOut": 1084786279.2, "weightedAverageShsOutDil": 1258247860.0, "link": "https://www.sec.gov/Archives/edgar/data/947263/000156276224000281/0001562762-24-000281-index.htm", "finalLink": "https://www.sec.gov/Archives/edgar/data/947263/000156276224000281/40f20241031.htm", "timescheme": "Q-4"}, {"date": "2025-01-31", "symbol": "TD", "reportedCurrency": "USD", "cik": "0000947263", "fillingDate": "2025-02-27", "acceptedDate": "2025-02-27 15:12:11", "calendarYear": "2025", "period": "Q1", "revenue": 20577212280.0, "costOfRevenue": 11158632720.0, "grossProfit": 9418579560.0, "grossProfitRatio": 0.4577189287, "researchAndDevelopmentExpenses": 0.0, "generalAndAdministrativeExpenses": 4236262280.0, "sellingAndMarketingExpenses": 234621640.0, "sellingGeneralAndAdministrativeExpenses": 4470883920.0, "otherExpenses": 2704685240.0, "operatingExpenses": 7175569160.0, "costAndExpenses": 18334201880.0, "interestIncome": 15736850880.0, "interestExpense": 10324728240.0, "depreciationAndAmortization": 366037280.0, "ebitda": 2609047680.0, "ebitdaratio": 0.1267930585, "operatingIncome": 2243010400.0, "operatingIncomeRatio": 0.1090045809, "totalOtherIncomeExpensesNet": 0.0, "incomeBeforeTax": 2243010400.0, "incomeBeforeTaxRatio": 0.1090045809, "incomeTaxExpense": 480251920.0, "netIncome": 1921695720.0, "netIncomeRatio": 0.0933895075, "eps": 1.066462, "epsdiluted": 1.066462, "weightedAverageShsOut": 1204001196.0, "weightedAverageShsOutDil": 1204551628.0, "link": "https://www.sec.gov/Archives/edgar/data/947263/000156276225000034/0001562762-25-000034-index.htm", "finalLink": "https://www.sec.gov/Archives/edgar/data/947263/000156276225000034/ex991.htm", "timescheme": "Q-3"}, {"date": "2025-04-30", "symbol": "TD", "reportedCurrency": "USD", "cik": "0000947263", "fillingDate": "2025-05-22", "acceptedDate": "2025-05-22 13:14:28", "calendarYear": "2025", "period": "Q2", "revenue": 20623979040.0, "costOfRevenue": 10722498080.0, "grossProfit": 9901480960.0, "grossProfitRatio": 0.4800955694, "researchAndDevelopmentExpenses": 0.0, "generalAndAdministrativeExpenses": 4276825279.9999995, "sellingAndMarketingExpenses": 309421280.0, "sellingGeneralAndAdministrativeExpenses": 4586246560.0, "otherExpenses": -3409431200.0, "operatingExpenses": 1176815360.0, "costAndExpenses": 11899313440.0, "interestIncome": 15639180479.999998, "interestExpense": 9751480480.0, "depreciationAndAmortization": 386957760.0, "ebitda": 9111623360.0, "ebitdaratio": 0.4417975475, "operatingIncome": 8724665600.0, "operatingIncomeRatio": 0.4230350304, "totalOtherIncomeExpensesNet": 0.0, "incomeBeforeTax": 8724665600.0, "incomeBeforeTaxRatio": 0.4230350304, "incomeTaxExpense": 713770400.0, "netIncome": 8064518559.999999, "netIncomeRatio": 0.3910263167, "eps": 4.5507392, "epsdiluted": 4.543492799999999, "weightedAverageShsOut": 1261235920.0, "weightedAverageShsOutDil": 1262105488.0, "link": "https://www.sec.gov/Archives/edgar/data/947263/000156276225000140/0001562762-25-000140-index.htm", "finalLink": "https://www.sec.gov/Archives/edgar/data/947263/000156276225000140/ex991.htm", "timescheme": "Q-2"}]}}}}

